<?xml version="1.0" encoding="UTF-8"?>
<!DOCTYPE html PUBLIC "-//W3C//DTD XHTML 1.0 Transitional//EN"
    "http://www.w3.org/TR/xhtml1/DTD/xhtml1-transitional.dtd">
<html xmlns="http://www.w3.org/1999/xhtml" xml:lang="en" lang="en">
 <head>
  <title>
</title>
<meta http-equiv="Content-Type" content="text/html;charset=utf-8" />
  <meta name='ocr-system' content='tesseract 3.04.00' />
  <meta name='ocr-capabilities' content='ocr_page ocr_carea ocr_par ocr_line ocrx_word'/>
</head>
<body>
  <div class='ocr_page' id='page_1' title='image "./titiliviihistor00fabrgoog_0149.png"; bbox 0 0 2869 4730; ppageno 0'>
   <div class='ocr_carea' id='block_1_1' title="bbox 518 330 1736 459">
    <p class='ocr_par' dir='ltr' id='par_1_1' title="bbox 518 330 1794 459">
     <span class='ocr_line' id='line_1_1' title="bbox 518 330 1736 459; baseline 0.002 -19"><span class='ocrx_word' id='word_1_1' title='bbox 518 381 635 441; x_wconf 80' lang='lat'><strong>140</strong></span> <span class='ocrx_word' id='word_1_2' title='bbox 766 357 769 361; x_wconf 78' lang='grc'><strong>’</strong></span> <span class='ocrx_word' id='word_1_3' title='bbox 959 330 1001 459; x_wconf 17' lang='lat'><strong>*-</strong></span> <span class='ocrx_word' id='word_1_4' title='bbox 1318 376 1502 442; x_wconf 72' lang='lat' dir='ltr'><strong>‘rm</strong></span> <span class='ocrx_word' id='word_1_5' title='bbox 1553 346 1736 440; x_wconf 76' lang='lat' dir='ltr'><strong>mvn</strong></span> 
     </span>
    </p>
   </div>
   <div class='ocr_carea' id='block_1_2' title="bbox 441 534 2582 1116">
    <p class='ocr_par' dir='ltr' id='par_1_2' title="bbox 442 534 2577 824">
     <span class='ocr_line' id='line_1_2' title="bbox 442 534 2577 625; baseline -0.002 -16"><span class='ocrx_word' id='word_1_6' title='bbox 442 555 480 609; x_wconf 86' lang='lat'>1</span> <span class='ocrx_word' id='word_1_7' title='bbox 622 598 625 603; x_wconf 85' lang='lat'><strong>.</strong></span> <span class='ocrx_word' id='word_1_8' title='bbox 676 544 1026 621; x_wconf 78' lang='lat' dir='ltr'><strong>xxxvln.</strong></span> <span class='ocrx_word' id='word_1_9' title='bbox 1082 542 1234 605; x_wconf 86' lang='lat' dir='ltr'><strong>Dum</strong></span> <span class='ocrx_word' id='word_1_10' title='bbox 1273 543 1425 624; x_wconf 83' lang='lat' dir='ltr'><strong>haec</strong></span> <span class='ocrx_word' id='word_1_11' title='bbox 1459 543 1517 603; x_wconf 91' lang='lat' dir='ltr'><strong>in</strong></span> <span class='ocrx_word' id='word_1_12' title='bbox 1544 541 1805 606; x_wconf 81' lang='lat' dir='ltr'><strong>Lucanis</strong></span> <span class='ocrx_word' id='word_1_13' title='bbox 1848 549 2027 624; x_wconf 85' lang='lat' dir='ltr'><strong>atque</strong></span> <span class='ocrx_word' id='word_1_14' title='bbox 2067 542 2127 604; x_wconf 92' lang='lat' dir='ltr'><strong>in</strong></span> <span class='ocrx_word' id='word_1_15' title='bbox 2161 534 2424 623; x_wconf 85' lang='lat' dir='ltr'><strong>Hirpinis</strong></span> <span class='ocrx_word' id='word_1_16' title='bbox 2467 563 2577 625; x_wconf 77' lang='lat' dir='ltr'><strong>ge-</strong></span> 
     </span>
     <span class='ocr_line' id='line_1_3' title="bbox 512 630 2577 725; baseline 0 -22"><span class='ocrx_word' id='word_1_17' title='bbox 512 630 749 716; x_wconf 81' lang='lat' dir='ltr'><strong>runtur,</strong></span> <span class='ocrx_word' id='word_1_18' title='bbox 811 643 1058 724; x_wconf 88' lang='lat' dir='ltr'><strong>quinque</strong></span> <span class='ocrx_word' id='word_1_19' title='bbox 1098 662 1323 719; x_wconf 83' lang='lat' dir='ltr'><strong>naves,</strong></span> <span class='ocrx_word' id='word_1_20' title='bbox 1382 664 1534 724; x_wconf 87' lang='lat' dir='ltr'><strong>qnae</strong></span> <span class='ocrx_word' id='word_1_21' title='bbox 1574 644 1963 707; x_wconf 75' lang='lat' dir='ltr'><strong>Macedonum</strong></span> <span class='ocrx_word' id='word_1_22' title='bbox 2020 650 2198 725; x_wconf 86' lang='lat' dir='ltr'><strong>atque</strong></span> <span class='ocrx_word' id='word_1_23' title='bbox 2239 644 2577 703; x_wconf 88' lang='lat' dir='ltr'><strong>Poenorum</strong></span> 
     </span>
     <span class='ocr_line' id='line_1_4' title="bbox 514 741 2580 824; baseline -0.001 -20"><span class='ocrx_word' id='word_1_24' title='bbox 514 750 751 822; x_wconf 80' lang='lat' dir='ltr'><strong>captos</strong></span> <span class='ocrx_word' id='word_1_25' title='bbox 780 742 1021 824; x_wconf 80' lang='lat' dir='ltr'><strong>legatos</strong></span> <span class='ocrx_word' id='word_1_26' title='bbox 1063 743 1306 803; x_wconf 81' lang='lat' dir='ltr'><strong>Romam</strong></span> <span class='ocrx_word' id='word_1_27' title='bbox 1360 745 1710 823; x_wconf 85' lang='lat' dir='ltr'><strong>portabant,</strong></span> <span class='ocrx_word' id='word_1_28' title='bbox 1767 743 1865 803; x_wconf 85' lang='lat' dir='ltr'><strong>ab-</strong></span> <span class='ocrx_word' id='word_1_29' title='bbox 1884 763 2100 822; x_wconf 90' lang='lat' dir='ltr'><strong>supero</strong></span> <span class='ocrx_word' id='word_1_30' title='bbox 2159 742 2305 803; x_wconf 88' lang='lat' dir='ltr'><strong>mari</strong></span> <span class='ocrx_word' id='word_1_31' title='bbox 2361 742 2438 803; x_wconf 87' lang='lat' dir='ltr'><strong>ad</strong></span> <span class='ocrx_word' id='word_1_32' title='bbox 2491 741 2580 802; x_wconf 87' lang='lat' dir='ltr'><strong>in-</strong></span> 
     </span>
    </p>

    <p class='ocr_par' dir='ltr' id='par_1_3' title="bbox 441 841 2582 1104">
     <span class='ocr_line' id='line_1_5' title="bbox 441 841 2582 929; baseline -0 -27"><span class='ocrx_word' id='word_1_33' title='bbox 441 853 479 908; x_wconf 78' lang='lat'>2</span> <span class='ocrx_word' id='word_1_34' title='bbox 511 841 701 929; x_wconf 83' lang='lat' dir='ltr'><strong>ferum</strong></span> <span class='ocrx_word' id='word_1_35' title='bbox 745 842 1180 904; x_wconf 85' lang='lat' dir='ltr'><strong>circumvectae</strong></span> <span class='ocrx_word' id='word_1_36' title='bbox 1223 863 1405 923; x_wconf 81' lang='lat' dir='ltr'>prope</span> <span class='ocrx_word' id='word_1_37' title='bbox 1450 862 1675 903; x_wconf 91' lang='lat' dir='ltr'><strong>omnem</strong></span> <span class='ocrx_word' id='word_1_38' title='bbox 1715 842 1923 903; x_wconf 82' lang='lat' dir='ltr'><strong>ltaliae</strong></span> <span class='ocrx_word' id='word_1_39' title='bbox 1960 862 2154 914; x_wconf 84' lang='lat' dir='ltr'><strong>oram,</strong></span> <span class='ocrx_word' id='word_1_40' title='bbox 2199 862 2371 923; x_wconf 87' lang='lat' dir='ltr'><strong>qunm</strong></span> <span class='ocrx_word' id='word_1_41' title='bbox 2408 861 2582 921; x_wconf 86' lang='lat' dir='ltr'><strong>prae-</strong></span> 
     </span>
     <span class='ocr_line' id='line_1_6' title="bbox 512 941 2581 1031; baseline -0.001 -29"><span class='ocrx_word' id='word_1_42' title='bbox 512 949 610 1003; x_wconf 80' lang='lat' dir='ltr'><strong>ter</strong></span> <span class='ocrx_word' id='word_1_43' title='bbox 647 944 861 1003; x_wconf 86' lang='lat' dir='ltr'><strong>Cumas</strong></span> <span class='ocrx_word' id='word_1_44' title='bbox 904 943 1052 1031; x_wconf 65' lang='lat' dir='ltr'><strong>velis</strong></span> <span class='ocrx_word' id='word_1_45' title='bbox 1092 941 1426 1016; x_wconf 88' lang='lat' dir='ltr'><strong>ferrentur,</strong></span> <span class='ocrx_word' id='word_1_46' title='bbox 1469 963 1690 1023; x_wconf 87' lang='lat' dir='ltr'><strong>neque,</strong></span> <span class='ocrx_word' id='word_1_47' title='bbox 1734 944 1985 1002; x_wconf 83' lang='lat' dir='ltr'><strong>hostium</strong></span> <span class='ocrx_word' id='word_1_48' title='bbox 2028 962 2103 1002; x_wconf 84' lang='lat' dir='ltr'><strong>an</strong></span> <span class='ocrx_word' id='word_1_49' title='bbox 2145 943 2443 1003; x_wconf 87' lang='lat' dir='ltr'><strong>sociorum</strong></span> <span class='ocrx_word' id='word_1_50' title='bbox 2484 960 2581 1002; x_wconf 88' lang='lat' dir='ltr'><strong>es-</strong></span> 
     </span>
     <span class='ocr_line' id='line_1_7' title="bbox 513 1039 2580 1116; baseline -0.001 -13"><span class='ocrx_word' id='word_1_51' title='bbox 513 1049 682 1115; x_wconf 78' lang='lat' dir='ltr'><strong>sent,</strong></span> <span class='ocrx_word' id='word_1_52' title='bbox 728 1041 877 1101; x_wconf 87' lang='lat' dir='ltr'><strong>satis</strong></span> <span class='ocrx_word' id='word_1_53' title='bbox 921 1041 1205 1116; x_wconf 88' lang='lat' dir='ltr'><strong>sciretur,</strong></span> <span class='ocrx_word' id='word_1_54' title='bbox 1252 1044 1560 1104; x_wconf 81' lang='lat' dir='ltr'><strong>Gracchus</strong></span> <span class='ocrx_word' id='word_1_55' title='bbox 1605 1043 1835 1104; x_wconf 87' lang='lat' dir='ltr'><strong>obviam</strong></span> <span class='ocrx_word' id='word_1_56' title='bbox 1879 1063 1959 1103; x_wconf 84' lang='lat' dir='ltr'><strong>ex</strong></span> <span class='ocrx_word' id='word_1_57' title='bbox 2003 1039 2198 1103; x_wconf 87' lang='lat' dir='ltr'><strong>classe</strong></span> <span class='ocrx_word' id='word_1_58' title='bbox 2241 1061 2352 1101; x_wconf 87' lang='lat' dir='ltr'><strong>sua</strong></span> <span class='ocrx_word' id='word_1_59' title='bbox 2393 1059 2580 1100; x_wconf 82' lang='lat' dir='ltr'><strong>naves</strong></span> 
     </span>
    </p>
   </div>
   <div class='ocr_carea' id='block_1_3' title="bbox 292 1141 2582 1225">
    <p class='ocr_par' dir='ltr' id='par_1_4' title="bbox 292 1141 2582 1225">
     <span class='ocr_line' id='line_1_8' title="bbox 292 1141 2582 1225; baseline 0 -25"><span class='ocrx_word' id='word_1_60' title='bbox 292 1150 296 1157; x_wconf 86' lang='grc'><em>’</em></span> <span class='ocrx_word' id='word_1_61' title='bbox 350 1168 364 1185; x_wconf 55' lang='lat'>⁸</span> <span class='ocrx_word' id='word_1_62' title='bbox 441 1148 479 1205; x_wconf 77' lang='grc'><strong>3</strong></span> <span class='ocrx_word' id='word_1_63' title='bbox 514 1141 686 1200; x_wconf 82' lang='lat' dir='ltr'><strong>misit.</strong></span> <span class='ocrx_word' id='word_1_64' title='bbox 772 1142 963 1208; x_wconf 75' lang='lat' dir='ltr'><strong>Quum</strong></span> <span class='ocrx_word' id='word_1_65' title='bbox 1004 1142 1449 1220; x_wconf 78' lang='lat' dir='ltr'><strong>percunctando</strong></span> <span class='ocrx_word' id='word_1_66' title='bbox 1501 1143 1560 1202; x_wconf 93' lang='lat' dir='ltr'><strong>in</strong></span> <span class='ocrx_word' id='word_1_67' title='bbox 1601 1143 1790 1205; x_wconf 83' lang='lat' dir='ltr'><strong>vicem</strong></span> <span class='ocrx_word' id='word_1_68' title='bbox 1833 1143 2136 1225; x_wconf 83' lang='lat' dir='ltr'><strong>cognitum</strong></span> <span class='ocrx_word' id='word_1_69' title='bbox 2176 1148 2374 1212; x_wconf 87' lang='lat' dir='ltr'><strong>esset,</strong></span> <span class='ocrx_word' id='word_1_70' title='bbox 2435 1159 2582 1225; x_wconf 81' lang='lat' dir='ltr'><strong>con-</strong></span> 
     </span>
    </p>
   </div>
   <div class='ocr_carea' id='block_1_4' title="bbox 409 1240 2588 2335">
    <p class='ocr_par' dir='ltr' id='par_1_5' title="bbox 409 1240 2588 2319">
     <span class='ocr_line' id='line_1_9' title="bbox 514 1240 2582 1331; baseline -0 -31"><span class='ocrx_word' id='word_1_71' title='bbox 514 1242 697 1301; x_wconf 90' lang='lat' dir='ltr'><strong>sulem</strong></span> <span class='ocrx_word' id='word_1_72' title='bbox 716 1241 914 1329; x_wconf 82' lang='lat' dir='ltr'><strong>Cumis</strong></span> <span class='ocrx_word' id='word_1_73' title='bbox 942 1260 1098 1313; x_wconf 88' lang='lat' dir='ltr'><strong>esse,</strong></span> <span class='ocrx_word' id='word_1_74' title='bbox 1142 1262 1328 1303; x_wconf 82' lang='lat' dir='ltr'><strong>naves</strong></span> <span class='ocrx_word' id='word_1_75' title='bbox 1362 1244 1576 1331; x_wconf 78' lang='lat' dir='ltr'><strong>Cumas</strong></span> <span class='ocrx_word' id='word_1_76' title='bbox 1619 1243 1905 1323; x_wconf 74' lang='lat' dir='ltr'><strong>appulsae</strong></span> <span class='ocrx_word' id='word_1_77' title='bbox 1951 1241 2283 1323; x_wconf 77' lang='lat' dir='ltr'><strong>captivique</strong></span> <span class='ocrx_word' id='word_1_78' title='bbox 2328 1240 2404 1300; x_wconf 89' lang='lat' dir='ltr'><strong>ad</strong></span> <span class='ocrx_word' id='word_1_79' title='bbox 2438 1258 2582 1301; x_wconf 84' lang='lat' dir='ltr'><strong>con-</strong></span> 
     </span>
     <span class='ocr_line' id='line_1_10' title="bbox 409 1338 2583 1421; baseline -0.002 -20"><span class='ocrx_word' id='word_1_80' title='bbox 409 1345 477 1421; x_wconf 52' lang='lat' dir='ltr'><em>st</em></span> <span class='ocrx_word' id='word_1_81' title='bbox 514 1341 698 1401; x_wconf 82' lang='lat' dir='ltr'><strong>sulem</strong></span> <span class='ocrx_word' id='word_1_82' title='bbox 742 1341 981 1407; x_wconf 84' lang='lat' dir='ltr'><strong>deducti</strong></span> <span class='ocrx_word' id='word_1_83' title='bbox 1023 1348 1088 1402; x_wconf 84' lang='lat' dir='ltr'><strong>et</strong></span> <span class='ocrx_word' id='word_1_84' title='bbox 1128 1341 1339 1403; x_wconf 86' lang='lat' dir='ltr'><strong>literae</strong></span> <span class='ocrx_word' id='word_1_85' title='bbox 1382 1343 1584 1405; x_wconf 87' lang='lat' dir='ltr'><strong>datae.</strong></span> <span class='ocrx_word' id='word_1_86' title='bbox 1670 1343 1922 1414; x_wconf 82' lang='lat' dir='ltr'><strong>Consul,</strong></span> <span class='ocrx_word' id='word_1_87' title='bbox 1972 1342 2159 1403; x_wconf 83' lang='lat' dir='ltr'><strong>literis</strong></span> <span class='ocrx_word' id='word_1_88' title='bbox 2200 1338 2447 1420; x_wconf 86' lang='lat' dir='ltr'><strong>Philippi</strong></span> <span class='ocrx_word' id='word_1_89' title='bbox 2489 1346 2583 1399; x_wconf 83' lang='lat' dir='ltr'><strong>at-</strong></span> 
     </span>
     <span class='ocr_line' id='line_1_11' title="bbox 511 1415 2584 1523; baseline -0.001 -24"><span class='ocrx_word' id='word_1_90' title='bbox 511 1460 625 1520; x_wconf 87' lang='lat' dir='ltr'><strong>que</strong></span> <span class='ocrx_word' id='word_1_91' title='bbox 666 1415 1012 1501; x_wconf 80' lang='lat' dir='ltr'><strong>Hannibalis</strong></span> <span class='ocrx_word' id='word_1_92' title='bbox 1054 1442 1365 1521; x_wconf 71' lang='lat' dir='ltr'><strong>perlectis,</strong></span> <span class='ocrx_word' id='word_1_93' title='bbox 1423 1442 1783 1523; x_wconf 81' lang='lat' dir='ltr'><strong>consignata</strong></span> <span class='ocrx_word' id='word_1_94' title='bbox 1825 1442 2016 1503; x_wconf 87' lang='lat' dir='ltr'><strong>omnia</strong></span> <span class='ocrx_word' id='word_1_95' title='bbox 2057 1443 2133 1503; x_wconf 85' lang='lat' dir='ltr'><strong>ad</strong></span> <span class='ocrx_word' id='word_1_96' title='bbox 2176 1446 2445 1502; x_wconf 88' lang='lat' dir='ltr'><strong>senatum</strong></span> <span class='ocrx_word' id='word_1_97' title='bbox 2485 1436 2584 1497; x_wconf 80' lang='lat' dir='ltr'><strong>iti·</strong></span> 
     </span>
     <span class='ocr_line' id='line_1_12' title="bbox 440 1539 2583 1624; baseline -0.002 -24"><span class='ocrx_word' id='word_1_98' title='bbox 440 1553 480 1609; x_wconf 72' lang='lat'><strong>5</strong></span> <span class='ocrx_word' id='word_1_99' title='bbox 510 1540 972 1615; x_wconf 17' lang='lat' dir='ltr'><strong>nerexterrestri</strong></span> <span class='ocrx_word' id='word_1_100' title='bbox 1025 1541 1208 1614; x_wconf 83' lang='lat' dir='ltr'>misit,</span> <span class='ocrx_word' id='word_1_101' title='bbox 1265 1540 1511 1602; x_wconf 82' lang='lat' dir='ltr'><strong>navibus</strong></span> <span class='ocrx_word' id='word_1_102' title='bbox 1567 1542 1776 1603; x_wconf 84' lang='lat' dir='ltr'><strong>devehi</strong></span> <span class='ocrx_word' id='word_1_103' title='bbox 1828 1542 2071 1624; x_wconf 77' lang='lat' dir='ltr'><strong>legatos</strong></span> <span class='ocrx_word' id='word_1_104' title='bbox 2104 1541 2304 1613; x_wconf 76' lang='lat' dir='ltr'><strong>jussit.</strong></span> <span class='ocrx_word' id='word_1_105' title='bbox 2373 1539 2583 1606; x_wconf 65' lang='lat' dir='ltr'><strong>Quum</strong></span> 
     </span>
     <span class='ocr_line' id='line_1_13' title="bbox 514 1639 2584 1722; baseline -0.001 -23"><span class='ocrx_word' id='word_1_106' title='bbox 514 1640 724 1699; x_wconf 90' lang='lat' dir='ltr'><strong>eodem</strong></span> <span class='ocrx_word' id='word_1_107' title='bbox 764 1639 896 1700; x_wconf 87' lang='lat' dir='ltr'><strong>fere</strong></span> <span class='ocrx_word' id='word_1_108' title='bbox 940 1641 1033 1702; x_wconf 94' lang='lat' dir='ltr'><strong>die</strong></span> <span class='ocrx_word' id='word_1_109' title='bbox 1059 1641 1269 1702; x_wconf 87' lang='lat' dir='ltr'><strong>literae</strong></span> <span class='ocrx_word' id='word_1_110' title='bbox 1311 1640 1614 1722; x_wconf 84' lang='lat' dir='ltr'><strong>legatique</strong></span> <span class='ocrx_word' id='word_1_111' title='bbox 1651 1641 1895 1701; x_wconf 81' lang='lat' dir='ltr'><strong>Romam</strong></span> <span class='ocrx_word' id='word_1_112' title='bbox 1926 1641 2262 1712; x_wconf 89' lang='lat' dir='ltr'><strong>venissent,</strong></span> <span class='ocrx_word' id='word_1_113' title='bbox 2305 1646 2402 1711; x_wconf 88' lang='lat' dir='ltr'><strong>et,</strong></span> <span class='ocrx_word' id='word_1_114' title='bbox 2444 1657 2584 1716; x_wconf 88' lang='lat' dir='ltr'><strong>per-</strong></span> 
     </span>
     <span class='ocr_line' id='line_1_14' title="bbox 513 1735 2584 1824; baseline -0.002 -24"><span class='ocrx_word' id='word_1_115' title='bbox 513 1740 895 1800; x_wconf 77' lang='lat' dir='ltr'><strong>cunctatione</strong></span> <span class='ocrx_word' id='word_1_116' title='bbox 936 1741 1138 1813; x_wconf 84' lang='lat' dir='ltr'><strong>facta,</strong></span> <span class='ocrx_word' id='word_1_117' title='bbox 1198 1742 1360 1803; x_wconf 87' lang='lat' dir='ltr'><strong>dicta</strong></span> <span class='ocrx_word' id='word_1_118' title='bbox 1416 1762 1548 1801; x_wconf 83' lang='lat' dir='ltr'><strong>cum</strong></span> <span class='ocrx_word' id='word_1_119' title='bbox 1605 1741 1842 1820; x_wconf 86' lang='lat' dir='ltr'><strong>scriptis</strong></span> <span class='ocrx_word' id='word_1_120' title='bbox 1898 1747 2333 1824; x_wconf 78' lang='lat' dir='ltr'><strong>congruerent,</strong></span> <span class='ocrx_word' id='word_1_121' title='bbox 2396 1735 2584 1817; x_wconf 84' lang='lat' dir='ltr'><strong>primo</strong></span> 
     </span>
     <span class='ocr_line' id='line_1_15' title="bbox 513 1839 2585 1929; baseline -0 -32"><span class='ocrx_word' id='word_1_122' title='bbox 513 1839 721 1920; x_wconf 81' lang='lat' dir='ltr'><strong>gravis</strong></span> <span class='ocrx_word' id='word_1_123' title='bbox 766 1843 910 1917; x_wconf 81' lang='lat' dir='ltr'><strong>cura</strong></span> <span class='ocrx_word' id='word_1_124' title='bbox 950 1841 1168 1929; x_wconf 82' lang='lat' dir='ltr'><strong>Patres</strong></span> <span class='ocrx_word' id='word_1_125' title='bbox 1212 1840 1493 1914; x_wconf 79' lang='lat' dir='ltr'><strong>incessit,</strong></span> <span class='ocrx_word' id='word_1_126' title='bbox 1540 1849 1891 1914; x_wconf 75' lang='lat' dir='ltr'><strong>cernentes,</strong></span> <span class='ocrx_word' id='word_1_127' title='bbox 1937 1850 2157 1924; x_wconf 85' lang='lat' dir='ltr'><strong>quanta</strong></span> <span class='ocrx_word' id='word_1_128' title='bbox 2198 1841 2301 1904; x_wconf 84' lang='lat' dir='ltr'><strong>vix</strong></span> <span class='ocrx_word' id='word_1_129' title='bbox 2319 1839 2585 1900; x_wconf 90' lang='lat' dir='ltr'><strong>toleran-</strong></span> 
     </span>
     <span class='ocr_line' id='line_1_16' title="bbox 416 1930 2587 2022; baseline 0 -26"><span class='ocrx_word' id='word_1_130' title='bbox 416 1939 479 2022; x_wconf 18' lang='lat'><strong>⁴6</strong></span> <span class='ocrx_word' id='word_1_131' title='bbox 513 1930 669 2000; x_wconf 77' lang='lat' dir='ltr'><strong>tibus</strong></span> <span class='ocrx_word' id='word_1_132' title='bbox 705 1940 996 2021; x_wconf 59' lang='lat' dir='ltr'><strong>⁸Punicum</strong></span> <span class='ocrx_word' id='word_1_133' title='bbox 1036 1942 1248 2004; x_wconf 87' lang='lat' dir='ltr'><strong>bellum</strong></span> <span class='ocrx_word' id='word_1_134' title='bbox 1295 1941 1669 2002; x_wconf 82' lang='lat' dir='ltr'><strong>Macedonici</strong></span> <span class='ocrx_word' id='word_1_135' title='bbox 1710 1941 1844 2002; x_wconf 88' lang='lat' dir='ltr'><strong>belli</strong></span> <span class='ocrx_word' id='word_1_136' title='bbox 1886 1943 2071 2003; x_wconf 88' lang='lat' dir='ltr'><strong>moles</strong></span> <span class='ocrx_word' id='word_1_137' title='bbox 2113 1943 2388 2002; x_wconf 78' lang='lat' dir='ltr'><strong>instaret.</strong></span> <span class='ocrx_word' id='word_1_138' title='bbox 2474 1935 2587 2011; x_wconf 75' lang='lat' dir='ltr'><strong>Cui</strong></span> 
     </span>
     <span class='ocr_line' id='line_1_17' title="bbox 512 2040 2588 2123; baseline -0.001 -24"><span class='ocrx_word' id='word_1_139' title='bbox 512 2046 709 2099; x_wconf 84' lang='lat' dir='ltr'><strong>tamen</strong></span> <span class='ocrx_word' id='word_1_140' title='bbox 745 2040 897 2100; x_wconf 87' lang='lat' dir='ltr'><strong>adeo</strong></span> <span class='ocrx_word' id='word_1_141' title='bbox 918 2061 1036 2101; x_wconf 93' lang='lat' dir='ltr'><strong>non</strong></span> <span class='ocrx_word' id='word_1_142' title='bbox 1068 2042 1523 2113; x_wconf 83' lang='lat' dir='ltr'><strong>succubuerunt,</strong></span> <span class='ocrx_word' id='word_1_143' title='bbox 1565 2049 1635 2101; x_wconf 90' lang='lat' dir='ltr'><strong>nt</strong></span> <span class='ocrx_word' id='word_1_144' title='bbox 1664 2042 1963 2121; x_wconf 84' lang='lat' dir='ltr'><strong>extemplo</strong></span> <span class='ocrx_word' id='word_1_145' title='bbox 1991 2042 2343 2123; x_wconf 80' lang='lat' dir='ltr'><strong>agitaretur,</strong></span> <span class='ocrx_word' id='word_1_146' title='bbox 2385 2040 2588 2120; x_wconf 81' lang='lat' dir='ltr'><strong>qnem-</strong></span> 
     </span>
     <span class='ocr_line' id='line_1_18' title="bbox 451 2125 2585 2207; baseline 0 -10"><span class='ocrx_word' id='word_1_147' title='bbox 451 2134 461 2149; x_wconf 88' lang='lat'><em>&#39;</em></span> <span class='ocrx_word' id='word_1_148' title='bbox 515 2139 822 2198; x_wconf 88' lang='lat' dir='ltr'><strong>admodum</strong></span> <span class='ocrx_word' id='word_1_149' title='bbox 863 2141 1018 2199; x_wconf 85' lang='lat' dir='ltr'><strong>ultro</strong></span> <span class='ocrx_word' id='word_1_150' title='bbox 1060 2125 1368 2199; x_wconf 83' lang='lat' dir='ltr'><strong>inferendo</strong></span> <span class='ocrx_word' id='word_1_151' title='bbox 1411 2140 1567 2207; x_wconf 89' lang='lat' dir='ltr'><strong>bello</strong></span> <span class='ocrx_word' id='word_1_152' title='bbox 1610 2147 1955 2201; x_wconf 84' lang='lat' dir='ltr'><strong>averterent</strong></span> <span class='ocrx_word' id='word_1_153' title='bbox 1999 2141 2070 2200; x_wconf 88' lang='lat' dir='ltr'><strong>ab</strong></span> <span class='ocrx_word' id='word_1_154' title='bbox 2114 2141 2284 2200; x_wconf 83' lang='lat' dir='ltr'><strong>ltalia</strong></span> <span class='ocrx_word' id='word_1_155' title='bbox 2326 2141 2585 2199; x_wconf 86' lang='lat' dir='ltr'><strong>hostem.</strong></span> 
     </span>
     <span class='ocr_line' id='line_1_19' title="bbox 440 2237 2588 2335; baseline 0 -37"><span class='ocrx_word' id='word_1_156' title='bbox 440 2242 478 2298; x_wconf 77' lang='grc'><strong>7</strong></span> <span class='ocrx_word' id='word_1_157' title='bbox 515 2237 784 2316; x_wconf 78' lang='lat' dir='ltr'><strong>Captivis</strong></span> <span class='ocrx_word' id='word_1_158' title='bbox 838 2237 897 2297; x_wconf 91' lang='lat' dir='ltr'><strong>in</strong></span> <span class='ocrx_word' id='word_1_159' title='bbox 949 2237 1183 2297; x_wconf 80' lang='lat' dir='ltr'><strong>vincula</strong></span> <span class='ocrx_word' id='word_1_160' title='bbox 1239 2237 1413 2301; x_wconf 87' lang='lat' dir='ltr'><strong>condi</strong></span> <span class='ocrx_word' id='word_1_161' title='bbox 1463 2238 1673 2310; x_wconf 84' lang='lat' dir='ltr'><strong>iussis,</strong></span> <span class='ocrx_word' id='word_1_162' title='bbox 1740 2237 2159 2335; x_wconf 82' lang='lat' dir='ltr'><strong>comitibusque</strong></span> <span class='ocrx_word' id='word_1_163' title='bbox 2217 2258 2419 2298; x_wconf 89' lang='lat' dir='ltr'><strong>eorum</strong></span> <span class='ocrx_word' id='word_1_164' title='bbox 2476 2237 2588 2298; x_wconf 80' lang='lat' dir='ltr'><strong>snb</strong></span> 
     </span>
    </p>
   </div>
   <div class='ocr_carea' id='block_1_5' title="bbox 513 2380 939 2393">
    <p class='ocr_par' dir='ltr' id='par_1_6' title="bbox 513 2380 939 2393">
     <span class='ocr_line' id='line_1_20' title="bbox 513 2380 939 2393; baseline 0 2337"><span class='ocrx_word' id='word_1_165' title='bbox 513 2380 939 2393; x_wconf 95' lang='lat' dir='ltr'><strong> </strong></span> 
     </span>
    </p>
   </div>
   <div class='ocr_carea' id='block_1_6' title="bbox 511 2409 2589 2579">
    <p class='ocr_par' dir='ltr' id='par_1_7' title="bbox 511 2409 2589 2579">
     <span class='ocr_line' id='line_1_21' title="bbox 511 2409 2589 2511; baseline 0.003 -23"><span class='ocrx_word' id='word_1_166' title='bbox 511 2438 647 2498; x_wconf 84' lang='lat' dir='ltr'><strong>time</strong></span> <span class='ocrx_word' id='word_1_167' title='bbox 688 2436 839 2489; x_wconf 85' lang='lat' dir='ltr'><strong>Livii</strong></span> <span class='ocrx_word' id='word_1_168' title='bbox 876 2435 1050 2490; x_wconf 81' lang='lat' dir='ltr'><strong>verba</strong></span> <span class='ocrx_word' id='word_1_169' title='bbox 1088 2409 1356 2491; x_wconf 80' lang='lat' dir='ltr'><strong>restitnit.</strong></span> <span class='ocrx_word' id='word_1_170' title='bbox 1423 2436 1512 2491; x_wconf 81' lang='lat' dir='ltr'><strong>cf.</strong></span> <span class='ocrx_word' id='word_1_171' title='bbox 1552 2453 1601 2492; x_wconf 88' lang='lat' dir='ltr'><strong>c.</strong></span> <span class='ocrx_word' id='word_1_172' title='bbox 1624 2436 1730 2504; x_wconf 88' lang='grc'><strong>33,</strong></span> <span class='ocrx_word' id='word_1_173' title='bbox 1768 2436 1821 2494; x_wconf 91' lang='grc'><strong>5.</strong></span> <span class='ocrx_word' id='word_1_174' title='bbox 1859 2436 2194 2511; x_wconf 79' lang='lat' dir='ltr'><strong>Asyndeton</strong></span> <span class='ocrx_word' id='word_1_175' title='bbox 2227 2437 2322 2493; x_wconf 83' lang='lat' dir='ltr'><strong>hic</strong></span> <span class='ocrx_word' id='word_1_176' title='bbox 2357 2438 2417 2492; x_wconf 83' lang='lat' dir='ltr'><strong>in</strong></span> <span class='ocrx_word' id='word_1_177' title='bbox 2453 2454 2589 2494; x_wconf 89' lang='lat' dir='ltr'><strong>con-</strong></span> 
     </span>
     <span class='ocr_line' id='line_1_22' title="bbox 513 2501 1382 2579; baseline 0.001 -18"><span class='ocrx_word' id='word_1_178' title='bbox 513 2515 601 2561; x_wconf 86' lang='lat' dir='ltr'><strong>tra</strong></span> <span class='ocrx_word' id='word_1_179' title='bbox 638 2506 844 2579; x_wconf 85' lang='lat' dir='ltr'><strong>positis</strong></span> <span class='ocrx_word' id='word_1_180' title='bbox 885 2501 1233 2579; x_wconf 80' lang='lat' dir='ltr'><strong>aptissimum</strong></span> <span class='ocrx_word' id='word_1_181' title='bbox 1273 2514 1382 2562; x_wconf 84' lang='lat' dir='ltr'><strong>est.</strong></span> 
     </span>
    </p>
   </div>
   <div class='ocr_carea' id='block_1_7' title="bbox 1392 2631 1808 2687">
    <p class='ocr_par' dir='ltr' id='par_1_8' title="bbox 1392 2631 1808 2687">
     <span class='ocr_line' id='line_1_23' title="bbox 1392 2631 1808 2687; baseline -0.002 -1"><span class='ocrx_word' id='word_1_182' title='bbox 1392 2631 1720 2687; x_wconf 87' lang='lat' dir='ltr'><strong>XXXVIII.</strong></span> <span class='ocrx_word' id='word_1_183' title='bbox 1801 2655 1808 2670; x_wconf 45' lang='lat' dir='ltr'>x</span> 
     </span>
    </p>
   </div>
   <div class='ocr_carea' id='block_1_8' title="bbox 414 2718 2591 3709">
    <p class='ocr_par' dir='ltr' id='par_1_9' title="bbox 441 2718 2587 2861">
     <span class='ocr_line' id='line_1_24' title="bbox 441 2718 2587 2790; baseline -0.001 -17"><span class='ocrx_word' id='word_1_184' title='bbox 441 2718 481 2773; x_wconf 75' lang='lat'>2</span> <span class='ocrx_word' id='word_1_185' title='bbox 654 2720 990 2776; x_wconf 73' lang='lat' dir='ltr'><strong>hostium</strong></span> <span class='ocrx_word' id='word_1_186' title='bbox 1037 2737 1130 2774; x_wconf 85' lang='lat' dir='ltr'><strong>an</strong></span> <span class='ocrx_word' id='word_1_187' title='bbox 1176 2721 1585 2790; x_wconf 72' lang='lat' dir='ltr'><strong>sociorum)</strong></span> <span class='ocrx_word' id='word_1_188' title='bbox 1641 2719 2060 2789; x_wconf 66' lang='lat' dir='ltr'><strong>‘Nonnunquam</strong></span> <span class='ocrx_word' id='word_1_189' title='bbox 2097 2720 2242 2774; x_wconf 70' lang='lat' dir='ltr'><strong>socii</strong></span> <span class='ocrx_word' id='word_1_190' title='bbox 2291 2719 2369 2773; x_wconf 83' lang='lat' dir='ltr'><strong>ita</strong></span> <span class='ocrx_word' id='word_1_191' title='bbox 2416 2721 2587 2789; x_wconf 84' lang='lat' dir='ltr'><strong>oppn&#39;</strong></span> 
     </span>
     <span class='ocr_line' id='line_1_25' title="bbox 512 2791 2586 2877; baseline 0 -33"><span class='ocrx_word' id='word_1_192' title='bbox 512 2799 712 2845; x_wconf 85' lang='lat' dir='ltr'><strong>nuntur</strong></span> <span class='ocrx_word' id='word_1_193' title='bbox 748 2792 1043 2857; x_wconf 74' lang='lat' dir='ltr'><strong>hostibus,</strong></span> <span class='ocrx_word' id='word_1_194' title='bbox 1096 2801 1155 2846; x_wconf 87' lang='lat' dir='ltr'><strong>ut</strong></span> <span class='ocrx_word' id='word_1_195' title='bbox 1193 2792 1381 2861; x_wconf 88' lang='lat' dir='ltr'><strong>priore</strong></span> <span class='ocrx_word' id='word_1_196' title='bbox 1433 2793 1650 2861; x_wconf 81' lang='lat' dir='ltr'><strong>nomine</strong></span> <span class='ocrx_word' id='word_1_197' title='bbox 1688 2792 2108 2877; x_wconf 79' lang='lat' dir='ltr'><strong>contineantur,</strong></span> <span class='ocrx_word' id='word_1_198' title='bbox 2165 2791 2481 2861; x_wconf 78' lang='lat' dir='ltr'><strong>quicunque</strong></span> <span class='ocrx_word' id='word_1_199' title='bbox 2515 2791 2586 2844; x_wconf 77' lang='lat' dir='ltr'><strong>ab</strong></span> 
     </span>
    </p>

    <p class='ocr_par' dir='ltr' id='par_1_10' title="bbox 414 2855 2590 3429">
     <span class='ocr_line' id='line_1_26' title="bbox 414 2855 2587 2934; baseline -0.001 -18"><span class='ocrx_word' id='word_1_200' title='bbox 414 2891 425 2902; x_wconf 81' lang='lat'>-</span> <span class='ocrx_word' id='word_1_201' title='bbox 513 2862 716 2934; x_wconf 75' lang='lat' dir='ltr'><strong>iisdem</strong></span> <span class='ocrx_word' id='word_1_202' title='bbox 769 2864 1022 2932; x_wconf 83' lang='lat' dir='ltr'><strong>partibus</strong></span> <span class='ocrx_word' id='word_1_203' title='bbox 1074 2870 1257 2926; x_wconf 83' lang='lat' dir='ltr'><strong>stant,</strong></span> <span class='ocrx_word' id='word_1_204' title='bbox 1313 2880 1421 2917; x_wconf 92' lang='lat' dir='ltr'><strong>non</strong></span> <span class='ocrx_word' id='word_1_205' title='bbox 1476 2855 1654 2918; x_wconf 81' lang='lat' dir='ltr'><strong>solum</strong></span> <span class='ocrx_word' id='word_1_206' title='bbox 1710 2864 1799 2934; x_wconf 83' lang='lat' dir='ltr'><strong>qui</strong></span> <span class='ocrx_word' id='word_1_207' title='bbox 1838 2863 2064 2933; x_wconf 87' lang='lat' dir='ltr'><strong>proprie</strong></span> <span class='ocrx_word' id='word_1_208' title='bbox 2103 2862 2248 2916; x_wconf 87' lang='lat' dir='ltr'><strong>socii</strong></span> <span class='ocrx_word' id='word_1_209' title='bbox 2291 2862 2587 2932; x_wconf 71' lang='lat' dir='ltr'><strong>(Butades-</strong></span> 
     </span>
     <span class='ocr_line' id='line_1_27' title="bbox 513 2900 2589 3006; baseline -0 -20"><span class='ocrx_word' id='word_1_210' title='bbox 513 2933 822 3005; x_wconf 71' lang='lat' dir='ltr'><strong>yenossen)</strong></span> <span class='ocrx_word' id='word_1_211' title='bbox 869 2933 1137 2988; x_wconf 87' lang='lat' dir='ltr'><strong>dicuntur.</strong></span> <span class='ocrx_word' id='word_1_212' title='bbox 1214 2900 1314 2989; x_wconf 73' lang='lat' dir='ltr'><strong>S’ic</strong></span> <span class='ocrx_word' id='word_1_213' title='bbox 1353 2932 1586 2988; x_wconf 81' lang='lat' dir='ltr'><strong>Sallust.</strong></span> <span class='ocrx_word' id='word_1_214' title='bbox 1629 2934 1745 3004; x_wconf 79' lang='lat' dir='ltr'><strong>lug.</strong></span> <span class='ocrx_word' id='word_1_215' title='bbox 1771 2933 1875 3001; x_wconf 80' lang='lat'><strong>92,</strong></span> <span class='ocrx_word' id='word_1_216' title='bbox 1913 2934 1984 2999; x_wconf 82' lang='lat'><strong>2,</strong></span> <span class='ocrx_word' id='word_1_217' title='bbox 2024 2942 2319 3005; x_wconf 82' lang='lat' dir='ltr'><strong>postquam</strong></span> <span class='ocrx_word' id='word_1_218' title='bbox 2357 2949 2589 3006; x_wconf 73' lang='lat' dir='ltr'><strong>separa-</strong></span> 
     </span>
     <span class='ocr_line' id='line_1_28' title="bbox 516 2995 2589 3076; baseline -0 -18"><span class='ocrx_word' id='word_1_219' title='bbox 516 3006 614 3058; x_wconf 86' lang='lat' dir='ltr'><strong>tim</strong></span> <span class='ocrx_word' id='word_1_220' title='bbox 657 3004 724 3056; x_wconf 90' lang='lat' dir='ltr'><strong>de</strong></span> <span class='ocrx_word' id='word_1_221' title='bbox 766 3005 1026 3064; x_wconf 73' lang='lat' dir='ltr'><strong>militibus</strong></span> <span class='ocrx_word' id='word_1_222' title='bbox 1068 3006 1368 3062; x_wconf 77' lang='lat' dir='ltr'><strong>Romanis</strong></span> <span class='ocrx_word' id='word_1_223' title='bbox 1382 3014 1441 3059; x_wconf 86' lang='lat' dir='ltr'><strong>et</strong></span> <span class='ocrx_word' id='word_1_224' title='bbox 1478 3007 1546 3060; x_wconf 90' lang='lat' dir='ltr'><strong>de</strong></span> <span class='ocrx_word' id='word_1_225' title='bbox 1583 3004 1871 3072; x_wconf 86' lang='lat' dir='ltr'><strong>Numidis,</strong></span> <span class='ocrx_word' id='word_1_226' title='bbox 1915 3022 2022 3076; x_wconf 86' lang='lat' dir='ltr'><strong>quo</strong></span> <span class='ocrx_word' id='word_1_227' title='bbox 2061 3006 2245 3058; x_wconf 75' lang='lat' dir='ltr'><strong>animo</strong></span> <span class='ocrx_word' id='word_1_228' title='bbox 2287 2995 2493 3057; x_wconf 78' lang='lat' dir='ltr'><strong>fuerint</strong></span> <span class='ocrx_word' id='word_1_229' title='bbox 2531 3003 2589 3057; x_wconf 86' lang='lat' dir='ltr'><strong>in</strong></span> 
     </span>
     <span class='ocr_line' id='line_1_29' title="bbox 515 3075 2586 3146; baseline 0 -19"><span class='ocrx_word' id='word_1_230' title='bbox 515 3075 789 3139; x_wconf 76' lang='lat' dir='ltr'><strong>Marium,</strong></span> <span class='ocrx_word' id='word_1_231' title='bbox 843 3078 1139 3146; x_wconf 80' lang='lat' dir='ltr'><strong>exposuit,</strong></span> <span class='ocrx_word' id='word_1_232' title='bbox 1203 3086 1470 3146; x_wconf 82' lang='lat' dir='ltr'><strong>utrosque</strong></span> <span class='ocrx_word' id='word_1_233' title='bbox 1507 3078 1565 3129; x_wconf 88' lang='lat' dir='ltr'><strong>in</strong></span> <span class='ocrx_word' id='word_1_234' title='bbox 1604 3093 1769 3130; x_wconf 87' lang='lat' dir='ltr'><strong>unum</strong></span> <span class='ocrx_word' id='word_1_235' title='bbox 1818 3076 2205 3145; x_wconf 75' lang='lat' dir='ltr'><strong>coniungendo</strong></span> <span class='ocrx_word' id='word_1_236' title='bbox 2252 3075 2436 3128; x_wconf 85' lang='lat' dir='ltr'><strong>addit:</strong></span> <span class='ocrx_word' id='word_1_237' title='bbox 2480 3090 2586 3142; x_wconf 84' lang='lat' dir='ltr'><strong>po-</strong></span> 
     </span>
     <span class='ocr_line' id='line_1_30' title="bbox 510 3146 2589 3218; baseline -0.001 -18"><span class='ocrx_word' id='word_1_238' title='bbox 510 3155 607 3200; x_wconf 74' lang='grc' dir='ltr'><strong>ἐτι</strong></span> <span class='ocrx_word' id='word_1_239' title='bbox 609 3164 731 3197; x_wconf 86' lang='lat' dir='ltr'><strong>emo</strong></span> <span class='ocrx_word' id='word_1_240' title='bbox 769 3164 984 3212; x_wconf 75' lang='lat' dir='ltr'><strong>omnes,</strong></span> <span class='ocrx_word' id='word_1_241' title='bbox 1022 3149 1166 3202; x_wconf 65' lang='lat' dir='ltr'><strong>socii</strong></span> <span class='ocrx_word' id='word_1_242' title='bbox 1200 3161 1376 3218; x_wconf 77' lang='lat' dir='ltr'><strong>aeque</strong></span> <span class='ocrx_word' id='word_1_243' title='bbox 1404 3148 1621 3213; x_wconf 74' lang='lat' dir='ltr'><strong>hostes,</strong></span> <span class='ocrx_word' id='word_1_244' title='bbox 1666 3147 1920 3214; x_wconf 79' lang='lat' dir='ltr'><strong>credere,</strong></span> <span class='ocrx_word' id='word_1_245' title='bbox 1957 3147 2041 3199; x_wconf 82' lang='lat' dir='ltr'><strong>illi</strong></span> <span class='ocrx_word' id='word_1_246' title='bbox 2077 3158 2184 3199; x_wconf 84' lang='lat' dir='ltr'><strong>aut</strong></span> <span class='ocrx_word' id='word_1_247' title='bbox 2219 3156 2464 3197; x_wconf 82' lang='lat' dir='ltr'><strong>mentem</strong></span> <span class='ocrx_word' id='word_1_248' title='bbox 2504 3146 2589 3197; x_wconf 86' lang='lat' dir='ltr'><strong>di·</strong></span> 
     </span>
     <span class='ocr_line' id='line_1_31' title="bbox 515 3216 2590 3286; baseline 0 -18"><span class='ocrx_word' id='word_1_249' title='bbox 515 3216 710 3268; x_wconf 85' lang='lat' dir='ltr'><strong>vinam</strong></span> <span class='ocrx_word' id='word_1_250' title='bbox 759 3233 881 3269; x_wconf 70' lang='lat' dir='ltr'><strong>esse</strong></span> <span class='ocrx_word' id='word_1_251' title='bbox 930 3229 1035 3270; x_wconf 82' lang='lat' dir='ltr'><strong>aut</strong></span> <span class='ocrx_word' id='word_1_252' title='bbox 1082 3220 1321 3272; x_wconf 78' lang='lat' dir='ltr'><strong>deorum</strong></span> <span class='ocrx_word' id='word_1_253' title='bbox 1369 3229 1519 3272; x_wconf 85' lang='lat' dir='ltr'><strong>nutu</strong></span> <span class='ocrx_word' id='word_1_254' title='bbox 1568 3228 1778 3272; x_wconf 81' lang='lat' dir='ltr'><strong>cuncta</strong></span> <span class='ocrx_word' id='word_1_255' title='bbox 1830 3218 2159 3286; x_wconf 83' lang='lat' dir='ltr'><strong>portendi.</strong></span> <span class='ocrx_word' id='word_1_256' title='bbox 2194 3216 2387 3286; x_wconf 86' lang='lat' dir='ltr'><strong>Neque</strong></span> <span class='ocrx_word' id='word_1_257' title='bbox 2426 3217 2590 3270; x_wconf 69' lang='lat' dir='ltr'><strong>aliter</strong></span> 
     </span>
     <span class='ocr_line' id='line_1_32' title="bbox 515 3280 2588 3357; baseline 0 -18"><span class='ocrx_word' id='word_1_258' title='bbox 515 3280 916 3357; x_wconf 78' lang='lat' dir='ltr'><strong>Liv.xx1x,</strong></span> <span class='ocrx_word' id='word_1_259' title='bbox 949 3289 1020 3340; x_wconf 87' lang='grc'><strong>31</strong></span> <span class='ocrx_word' id='word_1_260' title='bbox 1058 3289 1134 3346; x_wconf 87' lang='lat' dir='ltr'><strong>in.</strong></span> <span class='ocrx_word' id='word_1_261' title='bbox 1187 3307 1361 3354; x_wconf 69' lang='lat' dir='ltr'><strong>saepe</strong></span> <span class='ocrx_word' id='word_1_262' title='bbox 1398 3307 1527 3341; x_wconf 85' lang='lat' dir='ltr'><strong>eum</strong></span> <span class='ocrx_word' id='word_1_263' title='bbox 1557 3290 1637 3342; x_wconf 88' lang='lat' dir='ltr'><strong>i·n</strong></span> <span class='ocrx_word' id='word_1_264' title='bbox 1673 3289 1963 3355; x_wconf 73' lang='lat' dir='ltr'><strong>Hispania</strong></span> <span class='ocrx_word' id='word_1_265' title='bbox 2013 3305 2190 3341; x_wconf 79' lang='lat' dir='ltr'><strong>rarae</strong></span> <span class='ocrx_word' id='word_1_266' title='bbox 2225 3290 2376 3340; x_wconf 82' lang='lat' dir='ltr'><strong>inter</strong></span> <span class='ocrx_word' id='word_1_267' title='bbox 2408 3286 2588 3341; x_wconf 74' lang='lat' dir='ltr'><strong>homi·</strong></span> 
     </span>
     <span class='ocr_line' id='line_1_33' title="bbox 516 3358 2375 3443; baseline 0 -33"><span class='ocrx_word' id='word_1_268' title='bbox 516 3367 618 3410; x_wconf 73' lang='lat' dir='ltr'><strong>nee</strong></span> <span class='ocrx_word' id='word_1_269' title='bbox 655 3358 891 3409; x_wconf 72' lang='lat' dir='ltr'><strong>virtuti-s·</strong></span> <span class='ocrx_word' id='word_1_270' title='bbox 927 3360 1213 3426; x_wconf 73' lang='lat' dir='ltr'><strong>specimen</strong></span> <span class='ocrx_word' id='word_1_271' title='bbox 1250 3361 1479 3413; x_wconf 70' lang='lat' dir='ltr'><strong>dedisse</strong></span> <span class='ocrx_word' id='word_1_272' title='bbox 1515 3360 1687 3411; x_wconf 72' lang='lat' dir='ltr'><strong>sociis</strong></span> <span class='ocrx_word' id='word_1_273' title='bbox 1719 3361 1948 3427; x_wconf 76' lang='lat' dir='ltr'><strong>pariter</strong></span> <span class='ocrx_word' id='word_1_274' title='bbox 1984 3358 2375 3443; x_wconf 73' lang='lat' dir='ltr'><strong>hostibusque.</strong></span> 
     </span>
    </p>

    <p class='ocr_par' dir='ltr' id='par_1_11' title="bbox 444 3429 2587 3522">
     <span class='ocr_line' id='line_1_34' title="bbox 444 3429 2587 3522; baseline 0.001 -43"><span class='ocrx_word' id='word_1_275' title='bbox 444 3433 482 3488; x_wconf 76' lang='grc'><strong>3</strong></span> <span class='ocrx_word' id='word_1_276' title='bbox 557 3473 573 3483; x_wconf 73' lang='grc'><strong>.,</strong></span> <span class='ocrx_word' id='word_1_277' title='bbox 632 3432 1229 3496; x_wconf 71' lang='lat' dir='ltr'><strong>percunctando</strong></span> <span class='ocrx_word' id='word_1_278' title='bbox 1266 3432 1338 3482; x_wconf 87' lang='lat' dir='ltr'><strong>in</strong></span> <span class='ocrx_word' id='word_1_279' title='bbox 1374 3430 1605 3483; x_wconf 82' lang='lat' dir='ltr'><strong>vicem</strong></span> <span class='ocrx_word' id='word_1_280' title='bbox 1643 3448 1691 3483; x_wconf 86' lang='lat' dir='ltr'><strong>c.</strong></span> <span class='ocrx_word' id='word_1_281' title='bbox 1731 3430 1965 3522; x_wconf 54' lang='lat' dir='ltr'><strong>esset)</strong></span> <span class='ocrx_word' id='word_1_282' title='bbox 2019 3430 2059 3482; x_wconf 90' lang='lat' dir='ltr'><strong>i.</strong></span> <span class='ocrx_word' id='word_1_283' title='bbox 2084 3447 2133 3481; x_wconf 89' lang='lat' dir='ltr'><strong>e.</strong></span> <span class='ocrx_word' id='word_1_284' title='bbox 2167 3429 2331 3483; x_wconf 88' lang='lat' dir='ltr'><strong>dum</strong></span> <span class='ocrx_word' id='word_1_285' title='bbox 2316 3445 2370 3481; x_wconf 89' lang='grc' dir='ltr'><strong>ιιι</strong></span> <span class='ocrx_word' id='word_1_286' title='bbox 2405 3429 2587 3483; x_wconf 80' lang='lat' dir='ltr'><strong>vicem</strong></span> 
     </span>
    </p>

    <p class='ocr_par' dir='ltr' id='par_1_12' title="bbox 400 3485 2591 3583">
     <span class='ocr_line' id='line_1_35' title="bbox 515 3485 2591 3583; baseline 0 -32"><span class='ocrx_word' id='word_1_287' title='bbox 515 3507 948 3569; x_wconf 79' lang='lat' dir='ltr'><strong>percunctantur</strong></span> <span class='ocrx_word' id='word_1_288' title='bbox 986 3501 1143 3552; x_wconf 79' lang='lat' dir='ltr'><strong>alteri</strong></span> <span class='ocrx_word' id='word_1_289' title='bbox 1183 3502 1426 3564; x_wconf 79' lang='lat' dir='ltr'><strong>alteros,</strong></span> <span class='ocrx_word' id='word_1_290' title='bbox 1471 3485 1750 3583; x_wconf 75' lang='lat' dir='ltr'><strong>cognitum</strong></span> <span class='ocrx_word' id='word_1_291' title='bbox 1790 3495 1900 3571; x_wconf 81' lang='lat' dir='ltr'><strong>iis,</strong></span> <span class='ocrx_word' id='word_1_292' title='bbox 1938 3500 2028 3570; x_wconf 88' lang='lat' dir='ltr'><strong>qui</strong></span> <span class='ocrx_word' id='word_1_293' title='bbox 2067 3501 2121 3553; x_wconf 91' lang='lat' dir='ltr'><strong>in</strong></span> <span class='ocrx_word' id='word_1_294' title='bbox 2162 3502 2397 3571; x_wconf 80' lang='lat' dir='ltr'><strong>quinque</strong></span> <span class='ocrx_word' id='word_1_295' title='bbox 2436 3498 2591 3552; x_wconf 79' lang='lat' dir='ltr'><strong>navi-</strong></span> 
     </span>
    </p>

    <p class='ocr_par' dir='ltr' id='par_1_13' title="bbox 518 3537 2587 3642">
     <span class='ocr_line' id='line_1_36' title="bbox 518 3537 2587 3642; baseline 0 -20"><span class='ocrx_word' id='word_1_296' title='bbox 518 3572 622 3630; x_wconf 82' lang='lat' dir='ltr'><strong>bus</strong></span> <span class='ocrx_word' id='word_1_297' title='bbox 663 3579 854 3637; x_wconf 83' lang='lat' dir='ltr'><strong>erant,</strong></span> <span class='ocrx_word' id='word_1_298' title='bbox 894 3572 1176 3636; x_wconf 83' lang='lat' dir='ltr'><strong>consulem</strong></span> <span class='ocrx_word' id='word_1_299' title='bbox 1204 3580 1312 3624; x_wconf 86' lang='lat' dir='ltr'><strong>etc.</strong></span> <span class='ocrx_word' id='word_1_300' title='bbox 1388 3537 1478 3624; x_wconf 66' lang='lat'><strong>130</strong></span> <span class='ocrx_word' id='word_1_301' title='bbox 1517 3572 1572 3625; x_wconf 84' lang='lat' dir='ltr'><strong>vi</strong></span> <span class='ocrx_word' id='word_1_302' title='bbox 1614 3572 1861 3642; x_wconf 81' lang='lat' dir='ltr'><strong>gerundii</strong></span> <span class='ocrx_word' id='word_1_303' title='bbox 1903 3589 1953 3625; x_wconf 86' lang='lat' dir='ltr'><strong>v.</strong></span> <span class='ocrx_word' id='word_1_304' title='bbox 1994 3588 2161 3641; x_wconf 77' lang='lat' dir='ltr'><strong>snpra</strong></span> <span class='ocrx_word' id='word_1_305' title='bbox 2198 3572 2268 3625; x_wconf 82' lang='lat' dir='ltr'><strong>ad</strong></span> <span class='ocrx_word' id='word_1_306' title='bbox 2307 3589 2356 3624; x_wconf 89' lang='lat' dir='ltr'><strong>c.</strong></span> <span class='ocrx_word' id='word_1_307' title='bbox 2392 3569 2491 3633; x_wconf 90' lang='grc'><strong>15,</strong></span> <span class='ocrx_word' id='word_1_308' title='bbox 2534 3569 2587 3621; x_wconf 82' lang='grc'><strong>3.</strong></span> 
     </span>
    </p>

    <p class='ocr_par' dir='ltr' id='par_1_14' title="bbox 516 3631 2589 3709">
     <span class='ocr_line' id='line_1_37' title="bbox 516 3631 2589 3709; baseline -0 -15"><span class='ocrx_word' id='word_1_309' title='bbox 516 3639 741 3697; x_wconf 82' lang='lat' dir='ltr'><strong>Livium</strong></span> <span class='ocrx_word' id='word_1_310' title='bbox 781 3650 965 3694; x_wconf 81' lang='lat' dir='ltr'><strong>nutem</strong></span> <span class='ocrx_word' id='word_1_311' title='bbox 1001 3658 1107 3694; x_wconf 89' lang='lat' dir='ltr'><strong>non</strong></span> <span class='ocrx_word' id='word_1_312' title='bbox 1123 3631 1467 3709; x_wconf 80' lang='lat' dir='ltr'><strong>addidisse,</strong></span> <span class='ocrx_word' id='word_1_313' title='bbox 1508 3645 1647 3695; x_wconf 87' lang='lat' dir='ltr'><strong>utris</strong></span> <span class='ocrx_word' id='word_1_314' title='bbox 1680 3643 1960 3708; x_wconf 69' lang='lat' dir='ltr'><strong>cognitum</strong></span> <span class='ocrx_word' id='word_1_315' title='bbox 2004 3644 2113 3708; x_wconf 84' lang='lat' dir='ltr'><strong>sit,</strong></span> <span class='ocrx_word' id='word_1_316' title='bbox 2155 3644 2440 3696; x_wconf 83' lang='lat' dir='ltr'><strong>consulem</strong></span> <span class='ocrx_word' id='word_1_317' title='bbox 2481 3637 2589 3696; x_wconf 85' lang='lat' dir='ltr'><strong>Cn·</strong></span> 
     </span>
    </p>
   </div>
   <div class='ocr_carea' id='block_1_9' title="bbox 516 3710 2590 3837">
    <p class='ocr_par' dir='ltr' id='par_1_15' title="bbox 516 3710 2590 3837">
     <span class='ocr_line' id='line_1_38' title="bbox 516 3710 2590 3836; baseline -0 -72"><span class='ocrx_word' id='word_1_318' title='bbox 516 3713 624 3836; x_wconf 62' lang='lat'>{3¹⁵⁸</span> <span class='ocrx_word' id='word_1_319' title='bbox 667 3729 830 3778; x_wconf 85' lang='lat' dir='ltr'><strong>esse,</strong></span> <span class='ocrx_word' id='word_1_320' title='bbox 868 3710 1064 3780; x_wconf 83' lang='grc' dir='ltr'>ιιιίιιιιιι</span> <span class='ocrx_word' id='word_1_321' title='bbox 1103 3713 1280 3767; x_wconf 85' lang='lat' dir='ltr'><strong>videri</strong></span> <span class='ocrx_word' id='word_1_322' title='bbox 1318 3730 1427 3766; x_wconf 90' lang='lat' dir='ltr'><strong>non</strong></span> <span class='ocrx_word' id='word_1_323' title='bbox 1470 3723 1692 3784; x_wconf 80' lang='lat' dir='ltr'><strong>potest,</strong></span> <span class='ocrx_word' id='word_1_324' title='bbox 1741 3731 1905 3785; x_wconf 87' lang='lat' dir='ltr'><strong>quum</strong></span> <span class='ocrx_word' id='word_1_325' title='bbox 1941 3731 2029 3767; x_wconf 81' lang='lat' dir='ltr'><strong>ea</strong></span> <span class='ocrx_word' id='word_1_326' title='bbox 2047 3730 2139 3767; x_wconf 80' lang='lat' dir='ltr'><strong>res</strong></span> <span class='ocrx_word' id='word_1_327' title='bbox 2180 3731 2281 3785; x_wconf 82' lang='lat' dir='ltr'><strong>per</strong></span> <span class='ocrx_word' id='word_1_328' title='bbox 2317 3731 2381 3768; x_wconf 87' lang='lat' dir='ltr'><strong>se</strong></span> <span class='ocrx_word' id='word_1_329' title='bbox 2420 3711 2590 3765; x_wconf 86' lang='lat' dir='ltr'><strong>mani·</strong></span> 
     </span>
     <span class='ocr_line' id='line_1_39' title="bbox 545 3785 803 3837; baseline 0 -2"><span class='ocrx_word' id='word_1_330' title='bbox 545 3794 669 3837; x_wconf 86' lang='lat' dir='ltr'><strong>esta</strong></span> <span class='ocrx_word' id='word_1_331' title='bbox 705 3785 803 3835; x_wconf 83' lang='lat' dir='ltr'><strong>sit.</strong></span> 
     </span>
    </p>
   </div>
   <div class='ocr_carea' id='block_1_10' title="bbox 446 3843 2589 4009">
    <p class='ocr_par' dir='ltr' id='par_1_16' title="bbox 446 3843 2589 4009">
     <span class='ocr_line' id='line_1_40' title="bbox 446 3843 2589 4009; baseline -0.001 -101"><span class='ocrx_word' id='word_1_332' title='bbox 446 3859 485 3915; x_wconf 76' lang='grc'>5</span> <span class='ocrx_word' id='word_1_333' title='bbox 522 3854 965 4009; x_wconf 39' lang='grc' dir='ltr'>ΧΧιιέιῙιοέιῖεὲ</span> <span class='ocrx_word' id='word_1_334' title='bbox 997 3853 1085 3908; x_wconf 83' lang='lat' dir='ltr'><strong>De</strong></span> <span class='ocrx_word' id='word_1_335' title='bbox 1122 3843 1180 3910; x_wconf 76' lang='lat' dir='ltr'><strong>vi</strong></span> <span class='ocrx_word' id='word_1_336' title='bbox 1219 3855 1378 3910; x_wconf 80' lang='lat' dir='ltr'><strong>huius</strong></span> <span class='ocrx_word' id='word_1_337' title='bbox 1432 3856 1591 3909; x_wconf 87' lang='lat' dir='ltr'><strong>verbi</strong></span> <span class='ocrx_word' id='word_1_338' title='bbox 1641 3873 1694 3909; x_wconf 84' lang='lat' dir='ltr'><strong>v.</strong></span> <span class='ocrx_word' id='word_1_339' title='bbox 1735 3855 1804 3910; x_wconf 83' lang='lat' dir='ltr'><strong>ad</strong></span> <span class='ocrx_word' id='word_1_340' title='bbox 1841 3856 2019 3926; x_wconf 91' lang='lat' dir='ltr'><strong>XXI</strong></span> <span class='ocrx_word' id='word_1_341' title='bbox 2056 3855 2160 3923; x_wconf 78' lang='lat'><strong>22,</strong></span> <span class='ocrx_word' id='word_1_342' title='bbox 2197 3854 2265 3921; x_wconf 80' lang='lat'><strong>93</strong></span> <span class='ocrx_word' id='word_1_343' title='bbox 2320 3854 2467 3907; x_wconf 80' lang='lat' dir='ltr'><strong>infra</strong></span> <span class='ocrx_word' id='word_1_344' title='bbox 2520 3851 2589 3906; x_wconf 86' lang='lat' dir='ltr'><strong>ad</strong></span> 
     </span>
    </p>
   </div>
   <div class='ocr_carea' id='block_1_11' title="bbox 522 3971 2614 4174">
    <p class='ocr_par' dir='ltr' id='par_1_17' title="bbox 522 3971 2614 4162">
     <span class='ocr_line' id='line_1_41' title="bbox 661 3971 2600 4065; baseline -0.001 -20"><span class='ocrx_word' id='word_1_345' title='bbox 661 3995 735 4046; x_wconf 88' lang='lat' dir='ltr'><strong>in</strong></span> <span class='ocrx_word' id='word_1_346' title='bbox 758 3997 1076 4050; x_wconf 82' lang='lat' dir='ltr'><strong>&#39;vincula</strong></span> <span class='ocrx_word' id='word_1_347' title='bbox 1114 3998 1381 4065; x_wconf 85' lang='lat' dir='ltr'><strong>condi)</strong></span> <span class='ocrx_word' id='word_1_348' title='bbox 1440 3995 1531 4053; x_wconf 86' lang='lat' dir='ltr'><strong>cf.</strong></span> <span class='ocrx_word' id='word_1_349' title='bbox 1567 3996 1793 4062; x_wconf 84' lang='lat' dir='ltr'><strong>XXVI,</strong></span> <span class='ocrx_word' id='word_1_350' title='bbox 1832 3985 1905 4050; x_wconf 89' lang='grc'><strong>34</strong></span> <span class='ocrx_word' id='word_1_351' title='bbox 1939 3999 2013 4050; x_wconf 89' lang='lat' dir='ltr'><strong>in.</strong></span> <span class='ocrx_word' id='word_1_352' title='bbox 2063 3989 2229 4050; x_wconf 72' lang='lat' dir='ltr'><strong>Alios</strong></span> <span class='ocrx_word' id='word_1_353' title='bbox 2265 3995 2324 4047; x_wconf 86' lang='lat' dir='ltr'><strong>in</strong></span> <span class='ocrx_word' id='word_1_354' title='bbox 2359 3971 2600 4049; x_wconf 75' lang='lat' dir='ltr'><strong>vincula¹</strong></span> 
     </span>
     <span class='ocr_line' id='line_1_42' title="bbox 522 4064 2614 4174; baseline -0 -54"><span class='ocrx_word' id='word_1_355' title='bbox 522 4064 883 4162; x_wconf 49' lang='lat' dir='ltr'><strong>condendo&amp;</strong></span> <span class='ocrx_word' id='word_1_356' title='bbox 917 4067 1144 4135; x_wconf 78' lang='lat' dir='ltr'><strong>XXVI,</strong></span> <span class='ocrx_word' id='word_1_357' title='bbox 1181 4068 1251 4122; x_wconf 82' lang='lat'><strong>16</strong></span> <span class='ocrx_word' id='word_1_358' title='bbox 1290 4066 1433 4122; x_wconf 86' lang='lat' dir='ltr'><strong>med.</strong></span> <span class='ocrx_word' id='word_1_359' title='bbox 1472 4070 1716 4123; x_wconf 78' lang='lat' dir='ltr'><strong>trecenti</strong></span> <span class='ocrx_word' id='word_1_360' title='bbox 1738 4069 1933 4174; x_wconf 77' lang='lat' dir='ltr'><strong>ferme</strong></span> <span class='ocrx_word' id='word_1_361' title='bbox 1969 4068 2183 4124; x_wconf 68' lang='lat' dir='ltr'><strong>nobiles</strong></span> <span class='ocrx_word' id='word_1_362' title='bbox 2212 4068 2496 4137; x_wconf 86' lang='lat' dir='ltr'><strong>Campani</strong></span> <span class='ocrx_word' id='word_1_363' title='bbox 2530 4065 2614 4138; x_wconf 27' lang='lat' dir='ltr'><strong>in*</strong></span> 
     </span>
    </p>
   </div>
  </div>
 </body>
</html>
