2869 4730
504 378 598 454 ‘oo
794 365 805 378 ’
964 375 974 409 ’
1106 475 1122 500 .
1328 388 1533 475 1ἰἰίἰ
1588 389 1850 451 Livii.

406 640 409 641 ⁷
517 559 623 618 des
671 556 904 628 factos,
966 563 1198 637 partem
1236 554 1474 616 militum
1527 555 1585 616 ln
1630 562 1834 616 castra
1873 553 2150 626 remittit,
2206 541 2404 616 iussos
2445 575 2585 636 pro·-
2657 623 2661 630 ‚

390 676 401 741 9
441 671 444 673 ’
513 679 657 738 pere
700 664 1045 738 apparatum
1088 677 1312 717 omnem
1344 656 1775 736 oppugnandae
1816 656 1975 720 urbis
2017 655 2074 715 in
2116 652 2354 734 primam
2396 656 2590 735 aciem

518 758 766 829 afferre,
812 759 960 818 satis
1002 736 1224 829 fidens,
1272 757 1323 817 si
1364 736 1777 817 cunctantibus
1818 756 2104 827 instaret,
2148 757 2453 816 tumultum
2478 756 2587 817 ali-

374 864 482 919 -12
518 878 687 939 quem
726 858 784 917 in
827 860 969 917 urbe
1012 850 1274 936 plebem
1281 865 1587 917 motui-am.
1672 856 1825 916 Dum
1876 855 1935 917 in
1979 872 2089 916 sua
2137 858 2378 937 quisque
2420 850 2608 917 mini-'⁹

516 948 703 1019 steria
746 959 1013 1018 discursu
1054 957 1312 1036 trepidat
1355 957 1430 1016 ad
1464 957 1647 1036 prima
1674 954 1881 1038 signa,
1925 957 2306 1038 succeditque
2344 958 2419 1019 ad
2460 977 2588 1017 mu·-

430 1070 432 1072 ’
513 1078 618 1118 ros
661 1054 855 1135 acies,
899 1056 1212 1136 patefacta
1253 1066 1500 1137 repente
1533 1065 1740 1136 porta,
1785 1056 2104 1117 Marcellus
2135 1057 2311 1138 signa
2344 1078 2583 1130 canere,

426 1200 431 1207 a
516 1158 940 1236 clamoremque
973 1138 1131 1228 tolli,
1175 1177 1248 1216 ac
1273 1150 1505 1237 pedites
1534 1157 1788 1237 primum,
1836 1156 2046 1217 deinde
2078 1157 2325 1237 equites,
2345 1165 2584 1237 quanto

407 1261 481 1317 13
514 1255 766 1317 maximo
805 1263 1055 1336 possent
1110 1255 1362 1336 impetu,
1419 1257 1477 1316 in
1532 1257 1766 1319 hostem
1808 1277 2112 1336 erumpere
2153 1257 2333 1325 iubet,
2378 1303 2383 1306 -
2419 1256 2586 1317 Satis

515 1357 763 1418 terroris
807 1359 1200 1437 tumultusque
1243 1357 1299 1415 in
1336 1348 1798 1417 aciem‘mediam
1838 1357 2187 1428 intulerant,
2234 1377 2403 1437 quum
2441 1358 2606 1417 dua-²
2664 1379 2666 1381 ’

513 1458 623 1517 bus
683 1456 841 1518 circa
895 1457 1084 1536 portis
1126 1457 1197 1516 P.
1240 1455 1508 1517 Valerius
1550 1458 1802 1549 Flaccus
1863 1464 1926 1517 et
1969 1457 2036 1517 O.
2081 1456 2352 1517 Aurelius
2392 1444 2590 1538 legati
2661 1508 2666 1512 .

386 1561 479 1629 ,14
514 1554 589 1615 ἰιι
617 1564 838 1617 cornua
872 1557 1125 1629 bostium
1169 1577 1438 1636 erupere.
1516 1544 1815 1619 Addidere
1859 1559 2171 1617 clamorem
2218 1557 2376 1616 lixae
2421 1558 2588 1618 calo-

513 1675 737 1737 nesque
784 1663 848 1717 et
890 1657 1006 1717 alia
1045 1658 1241 1718 turba
1260 1657 1571 1719 custodiae
1603 1655 2139 1737 impedimentorum
2169 1656 2471 1751 apposita,
2515 1664 2588 1717 ut

512 1742 879 1834 paucitatem
914 1757 1163 1818 maxime
1208 1750 1619 1836 spernentibus
1637 1756 1855 1818 Poenis
1880 1756 2140 1838 ingentis
2182 1763 2429 1843 repente
2475 1777 2588 1827 ex-

406 1859 481 1916 15
515 1855 736 1918 ercitus
782 1857 1038 1935 speciem
1062 1855 1334 1919 fecerint.
1392 1857 1520 1921 vix
1540 1857 1806 1940 equidem
1847 1857 2032 1919 ausim
2073 1856 2410 1943 affirmare,
2405 1855 2588 1949 quod

514 2099 684 2155 docet
721 2116 859 2168 eos,
900 2103 990 2172 qui
1031 2110 1292 2177 cessent,
1339 2103 1419 2157 ita
1459 2102 1604 2168 dici,
1645 2102 1695 2155 si
1739 2108 1834 2156 aut
1871 2109 2112 2157 strenue
2135 2102 2300 2157 antea
2340 2099 2600 2170 egerint,²
2637 2146 2648 2168 ,

513 2181 607 2226 aut
645 2173 769 2224 dum
808 2175 903 2225 alii
947 2182 1145 2240 agant,
1204 2175 1323 2261 ipsi·
1357 2174 1558 2242 agendi
1598 2190 1798 2225 munus
1831 2172 2079 2225 sedendo
2121 2171 2586 2241 praetermittant.

511 2241 582 2295 V.
618 2242 729 2305 Vl,
743 2242 837 2294 23
875 2250 1001 2297 ante
1041 2211 1181 2295 me’d.
1222 2245 1323 2315 qui
1357 2245 1666 2296 adveniens
1704 2253 1905 2295 castra
1942 2243 2224 2311 urbesque
2256 2242 2446 2308 primo
2483 2242 2588 2294 im-
2657 2274 2660 2283 ·

506 2322 652 2382 petu
687 2329 896 2379 rapere
931 2315 1011 2367 sit
1045 2315 1283 2383 solitus,
1345 2331 1471 2365 eum
1508 2315 1755 2367 residem
1792 2314 1951 2365 intra
1987 2313 2200 2364 vallum
2241 2322 2467 2378 tempus
2504 2322 2588 2364 te·

512 2401 673 2449 rere,-
721 2382 909 2449 XXV,
945 2385 981 2437 6
1020 2391 1161 2437 extr.
1203 2353 1510 2438 clamor-eni
1542 2385 1931 2455 puynantium
1969 2384 2359 2453 crepitumque
2397 2399 2585 2436 armo-

511 2472 643 2508 rum
681 2447 1063 2519 exaudimus,
1115 2457 1335 2509 resides
1369 2457 1484 2523 ipsi
1519 2474 1589 2509 ac
1625 2473 1863 2525 seques,
1918 2465 2220 2526 tanquam
2234 2470 2337 2506 nec
2375 2470 2587 2506 manus

510 2542 615 2578 nec
652 2543 819 2577 arma
857 2526 1210 2592 habeamus5
1249 2527 1448 2592 11,ae
1486 2527 1612 2580 ante
1648 2526 1793 2581 med.

498 2609 615 2735 '2⁷
652 2597 943 2720 ἔπεισε)
1017 2595 1287 2652 Refertur
1319 2563 1432 2653 'hoc
1474 2598 1544 2652 ad
1575 2608 1810 2668 partem
1845 2596 2109 2650 militum.
2184 2594 2273 2649 cf.
2314 2593 2392 2649 ad
2420 2595 2586 2665 XXI,

406 2733 478 2788 12
653 2738 1032 2807 trepidat)
1108 2738 1178 2794 V.
1219 2754 1385 2809 supra
1425 2738 1495 2792 ad
1533 2737 1794 2805 c.?,10.

651 2810 879 2893 siqua
928 2827 1155 2863 canev-
1171 2811 1232 2879 e)
1311 2811 1532 2865 Canere
1569 2810 1622 2862 in
1652 2777 1766 2863 ’hac
1793 2805 2087 2864 locutione
2126 2808 2465 2878 saepissime
2503 2808 2586 2860 in-

512 2880 806 2933 transitixe
846 2882 1083 2951 ponitur.
1158 2881 1226 2935 V.
1266 2881 1325 2950 I,
1366 2882 1397 2934 1
1438 2881 1616 2947 med.,
1664 2881 1753 2945 X,
1792 2880 1865 2934 40
1903 2889 2081 2950 extr.;
2118 2878 2331 2946 XXIV,
2371 2879 2441 2933 15
2475 2879 2584 2936 in··
2566 2915 2585 2946 ‚

511 2951 643 3004 ibid.
658 2951 789 3016 4,6
811 2951 876 3019 2;
915 2952 1167 3036 XXVII,
1204 2952 1277 3006 46
1314 2952 1495 3019 med-3
1535 2919 1832 3017 XXVIII,
1872 2952 1943 3004 2⁷
1982 2961 2126 3005 extr.

540 3052 599 3062 --
654 3023 945 3091 quanto
974 3041 1162 3076 max.
1201 3034 1517 3089 possent
1556 3023 1751 3090 imp.)
1830 3021 1956 3076 Hoc
1997 3021 2226 3075 dicendi
2257 3037 2431 3092 genus
2472 3020 2586 3074 fre·
2617 3069 2620 3070 ⁷

504 3094 934 3162 quentissimum
977 3111 1108 3146 esse
1147 3096 1290 3164 apud
1329 3094 1582 3157 Livium,
1623 3092 1968 3146 ostendimus
2008 3093 2074 3146 ad
2120 3092 2288 3156 XXl,
2321 3093 2432 3155 41,
2471 3092 2545 3144 4.

405 3160 505 3233 14
656 3165 1056 3218 custodiae
1091 3166 1254 3233 imp.
1294 3166 1710 3234 apposita)
1753 3165 2062 3234 Perperam
2091 3164 2234 3217 hunc
2273 3164 2462 3216 locum
2494 3178 2589 3216 ce-

515 3243 714 3302 perunt
752 3236 1125 3306 interpretes,
1163 3245 1419 3306 tanquam
1457 3238 1616 3289 turba
1656 3252 1721 3288 ea
1762 3235 1832 3287 ad
1871 3234 2184 3289 custodiam
2222 3234 2345 3288 sive
2384 3234 2452 3287 ad
2493 3249 2587 3286 cu·

515 3304 865 3358 stodiendum
914 3307 1175 3376 apposita
1229 3299 1643 3377 impedimentis
1694 3306 1917 3359 fuisset.
1991 3305 2119 3359 Hoc
2158 3312 2218 3359 ut
2256 3321 2289 3358 a
2325 3304 2588 3374 loquendi

515 3377 915 3429 consuetudine
969 3380 1265 3447 abhorret,
1331 3395 1437 3448 qua
1487 3378 1703 3430 dativus
1761 3379 1933 3431 verbo
1996 3376 2308 3446 apponendi
2360 3377 2585 3430 iunctus

513 3445 798 3513 siunificat
837 3465 986 3513 rem,
1044 3465 1218 3519 prope
1261 3466 1420 3519 quam
1474 3448 1684 3532 aliquid
1719 3450 1942 3518 ponitur
1979 3448 2100 3501 sive
2141 3464 2272 3507 cum
2307 3463 2413 3515 qua
2451 3463 2589 3499 con-

511 3518 756 3589 iungitur
807 3519 1045 3588 aliquid,
1098 3522 1177 3574 ita
1202 3521 1508 3589 discrepat
1558 3522 1624 3573 ab
1665 3518 1771 3584 iis,
1828 3536 1969 3589 quae
2024 3535 2054 3572 a
2096 3517 2262 3571 Livio
2303 3517 2359 3585 ᾧ.
2384 3517 2418 3571 8
2456 3525 2512 3570 et
2547 3517 2587 3569 9

475 3588 663 3643 dicta
701 3598 844 3643 sunt
925 3592 1177 3663 Intellige
1216 3592 1386 3660 igitur
1424 3592 1639 3664 turbam
1682 3591 2003 3646 custodibus
2042 3590 2582 3671 impedimentorum,

515 3676 619 3732 quo
658 3662 834 3714 maior
883 3661 1075 3716 borum
1125 3662 1408 3716 videretur
1462 3659 1752 3728 numeruS,
1799 3660 2069 3726 additam.
2142 3660 2281 3714 Nam
2320 3661 2486 3713 etiam
2524 3659 2589 3714 iu

466 3748 738 3804 ,numero
778 3734 1046 3801 singulari
1087 3735 1353 3788 custodia
1393 3734 1645 3788 dicuntur
1682 3734 1934 3786 homines
1975 3733 2284 3786 custodiam
2325 3737 2581 3800 agente&

511 3800 579 3853 V.
616 3803 799 3869 XLV,
822 3803 893 3857 28
934 3817 1073 3860 extr.
1117 3808 1241 3870 Quo
1278 3823 1455 3876 quum
1493 3806 1745 3859 Perseus
1781 3805 2009 3857 obviam
2045 3802 2376 3871 Amphipoli
2409 3801 2585 3855 nimie

513 3875 706 3927 soluta
744 3879 899 3934 curis
938 3878 1204 3931 custodia
1239 3877 1638 3944 processisset.

554 4015 585 4068 d
656 3948 1243 4066 ugr—fecerint)
1314 3948 1351 3999 i.
1392 3964 1442 3999 c.
1481 3947 1560 4000 ita
1600 3954 1673 4000 ut.
1747 3944 1815 4000 V.
1856 3945 1925 3999 ad
1961 3897 2163 4008 XXII,
2200 3915 2289 4006 43,
2327 3935 2395 4008 4”;
2433 3937 2585 3994 infra

514 4032 547 4068 a
623 4031 653 4068 c
746 4033 796 4081 ι,
833 4018 886 4071 2.

394 4084 480 4140 ‚15
656 4090 861 4156 quod
887 4118 955 4129 --
990 4099 1350 4143 auctores
1401 4088 1611 4160 sunt)
1687 4090 2002 4144 Auctorem
2056 4100 2177 4137 esse
2233 4052 2393 4154 quum
2433 4080 2582 4136 idem
