2869 4730
452 304 592 380 'so
1096 322 1137 399 j
1268 262 1946 385 *Tm-luva]

418 495 475 548 ‘1
672 486 878 546 XXH.
963 487 1155 553 Quum
1186 495 1403 557 cetera
1419 534 1437 560 ,
1497 509 1647 571 quae
1691 485 1984 552 continuis
2026 489 2288 552 cladibus
2327 489 2575 574 fortuna

384 590 393 597 '
509 585 828 659 minuerat,
885 595 1161 668 quantum
1203 589 1463 649 consiliis
1501 591 1762 650 humanis
1807 591 2044 672 assequi
2084 598 2398 671 poterant,
2433 593 2576 673 *Pa-

434 691 474 745 2
504 695 634 748 tres
689 689 1067 768 explessent,
1127 691 1364 749 tandem
1419 710 1486 750 se
1542 710 1769 771 quoque
1828 700 1891 753 et
1939 688 2312 753 ‘solitudinem
2371 692 2574 753 curiae

461 814 464 825 ·
505 788 979 868 paucitatemque
1022 789 1494 851 convenientium
1537 790 1617 850 ad
1638 788 2252 869 publicum'consiiium
2284 812 2578 872 respexe-

420 898 475 954 ’8
505 897 660 949 runt.
745 890 949 968 Neque
994 888 1143 951 enim
1182 896 1322 969 post
1362 890 1437 949 L.
1482 889 1786 950 Aemilium
1838 898 1901 951 et
1944 890 2014 951 C.
2057 891 2391 952 Flaminium
2433 912 2579 953 cen-

452 1054 459 1061 ,
506 1008 676 1049 sores
720 996 963 1075 senatus
1005 987 1199 1048 lectus
1241 986 1476 1061 fuerat,
1522 1011 1692 1070 quum
1719 997 1961 1065 tantum
1993 1000 2333 1052 senatorum
2360 980 2580 1063 adver-

508 1109 614 1149 sae
656 1107 923 1175 pugnae,
978 1088 1054 1147 ad
1095 1088 1210 1148 hoc
1243 1089 1344 1153 „sui
1399 1110 1682 1171 quemque
1732 1088 1912 1151 casus
1969 1110 2078 1170 per
2131 1089 2579 1171 quinquennium

435 1197 472 1251 4
508 1186 989 1269 absumpsissent,
1091 1188 1283 1253 Quum
1342 1188 1415 1249 de
1470 1209 1545 1250 ea
1606 1180 1674 1250 re
1732 1190 1834 1251 Μ’.
1890 1190 2248 1272 Pomponius
2308 1199 2575 1270 praetor,

507 1287 803 1348 dictatore
839 1294 980 1368 post
1000 1287 1333 1350 Casilinum-2
1352 1287 1626 1350 amissum
1649 1289 1930 1370 profecto
1966 1290 2082 1353 iam
2120 1292 2197 1352 ad
2225 1289 2573 1370 exercitum,

506 1539 594 1586 tur
631 1533 856 1602 collegii
897 1533 1168 1600 alicuius,
1205 1535 1266 1587 in
1302 1548 1408 1604 quo
1450 1535 1701 1601 fuerunt,
1750 1535 1841 1604 qui
1877 1536 2078 1589 mortui
2116 1543 2262 1591 sunt.
2335 1535 2404 1591 V.
2444 1553 2570 1608 cap.

505 1620 591 1674 sq.
631 1603 688 1672 §-
712 1603 776 1667 53
817 1621 866 1656 c.
890 1605 984 1674 23,
1020 1606 1088 1675 43
1138 1603 1210 1675 V,
1246 1604 1317 1658 31
1355 1612 1531 1674 εχει-,ς
1583 1607 1697 1672 ΙΧ,
1734 1604 1807 1659 34
1842 1614 1978 1677 post
2010 1608 2195 1672 med-3
2240 1608 2462 1676 XXVI,
2499 1608 2575 1664 28

511 1684 689 1742 extr.;
726 1676 982 1741 XXVII,
1020 1675 1055 1729 8
1091 1677 1164 1730 in.
1187 1685 1297 1729 etc.

639 1762 898 1818 paona
938 1746 1347 1818 Cannensi)
1417 1744 1484 1801 V.
1524 1745 1595 1800 ad
1633 1763 1683 1801 c.
1719 1745 1825 1818 14,
1862 1746 1920 1808 4.

1333 1864 1337 1870 ’
1384 1896 1389 1911 2
1449 1870 1644 1933 xxll,

429 1964 469 2018 2
639 1959 1026 2027 publicum
1062 1958 1500 2028 consilium)
1574 1958 1642 2013 V.
1681 1958 1849 2028 supra
1886 1958 1954 2012 ad
1993 1949 2041 2012 c.
2069 1960 2125 2025 2,
2151 1960 2205 2014 4.
2266 1958 2571 2032 Per-peram

504 2034 686 2087 autem
736 2039 865 2083 ante
916 2027 1254 2083 Gronovium
1307 2029 1556 2082 editores
1606 2030 1942 2099 praetulisse
1995 2032 2327 2097 concilium,
2387 2049 2459 2085 ex
2495 2033 2570 2085 iis

502 2109 770 2170 apparet,
810 2116 948 2170 quae
989 2102 1056 2155 de
1093 2116 1293 2155 vocum
1333 2117 1523 2153 earum
1561 2099 1880 2154 discrimine
1917 2098 2071 2154 dicta
2108 2109 2236 2156 sunt
2272 2102 2342 2156 ad
2378 2102 2570 2168 XXII,

426 2218 469 2302 ’ὃ
588 2209 609 2249 ²
641 2207 819 2309 p⁰ost
867 2241 942 2293 L.
979 2239 1167 2289 Aem.
1221 2248 1280 2291 et
1319 2239 1378 2292 C.
1418 2237 1558 2307 ΡΙ.)
1631 2238 1669 2290 i.
1700 2255 1751 2291 e.
1802 2254 1874 2290 ex
1914 2254 2020 2308 quo
2055 2269 2128 2280 —
2164 2240 2401 2296 fuerant.
2473 2240 2574 2298 cf.

505 2310 574 2365 ad
624 2310 835 2378 xxu,
871 2309 976 2373 4ο,
1014 2305 1066 2360 8.
1144 2306 1212 2360 L.
1257 2308 1531 2362 Aeminius
1580 2324 1690 2361 non
1742 2306 1933 2362 differt
1981 2311 2051 2363 ab
2106 2328 2174 2364 ου
2224 2311 2285 2368 L.
2321 2303 2590 2368 Aemilio*
2673 2340 2676 2343 ι

410 2385 419 2398 “
472 2381 693 2452 ',Papo,
748 2398 907 2451 quem
946 2379 1237 2448 superiore
1277 2396 1414 2449 cap.³
1440 2378 1495 2447 §-
1528 2380 1565 2433 6
1601 2380 1932 2434 memoravit
1973 2379 2209 2451 L'iviu83
2264 2381 2330 2437 C.
2368 2384 2575 2452 Flami·

502 2454 628 2508 nius
665 2453 733 2506 is„
757 2461 879 2517 est,
934 2451 1025 2520 qui
1076 2450 1222 2503 viam
1260 2450 1590 2507 Flaminiam
1642 2449 1728 2519 (v.
1768 2449 1836 2504 ad
1870 2452 2073 2518 XXII,
2114 2454 2219 2524 11,
2253 2452 2318 2526 5)
2373 2455 2575 2511 muniit

503 2524 809 2594 consulque
850 2520 1056 2576 cecidit
1093 2519 1162 2574 ad
1203 2522 1383 2575 lacum
1423 2521 1837 2581 Trasimenum.
2084 2518 2090 2528 “
2273 2529 2274 2532 ’

643 2596 740 2648 ad
772 2595 907 2647 hoc
943 2593 1060 2645 sui
1093 2608 1446 2664 quemque
1467 2594 1547 2661 c.)
1588 2592 1808 2646 Adhoe
1840 2583 2115 2663 quomodo
2146 2594 2381 2660 dicatur,
2419 2612 2474 2650 v.
2497 2597 2573 2650 ad

499 2665 672 2730 XXI,
711 2663 801 2732 54,
837 2663 905 2732 83
944 2664 1012 2716 de
1050 2664 1373 2733 pronomine
1413 2664 1747 2733 possessivo
1787 2680 1841 2719 v,
1880 2680 2046 2735 supra
2088 2666 2155 2719 ad
2196 2682 2245 2719 c.
2272 2667 2326 2734 7,
2354 2668 2407 2719 2.
2464 2668 2574 2736 Sur·

501 2755 676 2792 casus
713 2740 1061 2806 opponuntur
1097 2734 1360 2788 adversis
1391 2737 1642 2804 pu9n1‘33
1699 2737 1822 2787 naffi
1862 2735 1917 2787 hi
1957 2737 2163 2804 pubiici
2199 2744 2362 2792 erant
2400 2754 2571 2791 casus

498 2809 879 2879 plurimosque
919 2805 1116 2858 eodem
1155 2804 1275 2857 fato
1317 2807 1725 2859 absumserant.
1796 2804 2009 2860 Contra
2049 2808 2144 2860 ilia
2178 2809 2387 2862 locutio
2428 2820 2573 2861 mor-

502 2888 592 2934 tes
630 2885 886 2950 spectat,
947 2875 1140 2947 quibus
1181 2877 1293 2928 aiio
1333 2885 1501 2946 atque
1539 2876 1650 2950 alio
1691 2882 1941 2946 tempore
1978 2878 2231 2949 singuli,
2253 2886 2420 2951 prout
2454 2880 2570 2933 for·

502 2957 634 3004 tuna
673 2966 856 3001 eorum
897 2948 1104 3011 ferret,
1144 2946 1316 3000 ablati
1356 2954 1503 3001 sunt.
2233 2971 2238 2990 ι

429 3028 469 3084 4
645 3023 871 3086 Quum
907 3047 979 3057 —
1013 3017 1421 3072 retulisset
1460 3047 1530 3057 -—
1564 3035 1785 3089 quum
1820 3045 1891 3058 -
1941 3013 2415 3088 conquestus
2469 3038 2572 3074 oe·
2641 3035 2644 3038 ·

500 3090 652 3160 eet)
730 3090 816 3144 cf.
860 3087 929 3142 ad
969 3105 1020 3142 c.
1049 3083 1154 3152 17,
1192 3089 1242 3140 9.
1331 3086 1572 3146 Scilicet
1635 3089 1776 3157 quae
1831 3087 1902 3141 ad
1940 3086 2175 3143 Carvilii
2239 3090 2573 3145 sententiam

503 3165 856 3230 spectarent,
897 3175 964 3212 ea
1003 3159 1186 3211 omnia
1213 3159 1277 3210 ‘in
1318 3175 1477 3213 unum
1501 3158 1698 3212 Livius
1740 3160 2045 3217 coniunxit.
2099 3159 2159 3211 In
2201 3175 2305 3229 quo
2333 3163 2410 3216 ita
2446 3177 2573 3215 ver-

501 3239 659 3284 satus
699 3239 819 3295 est,
862 3236 920 3282 ut
957 3229 1291 3290 sententiam
1331 3231 1649 3299 primariam
1689 3231 1846 3299 (tum
1870 3230 2569 3301 Sp..Carvilius—dixit)

462 3301 719 3355 ·mediae
765 3300 1062 3354 verborum
1118 3300 1620 3368 comprehensioni>
1660 3300 1973 3368 insereret,
2030 3308 2223 3354 cetera
2270 3304 2363 3356 vel
2412 3319 2571 3371 prae-

500 3373 750 3427 mitteret
761 3371 913 3437 ,‘vel
950 3370 1060 3439 ipsi
1102 3372 1481 3440 interponeret
1518 3372 1832 3426 sententiae
1857 3372 2171 3439 primariae,
2209 3373 2304 3426 vel
2333 3375 2387 3426 in
2415 3374 2573 3426 exitu

499 3450 752 3515 poneret.
807 3439 1108 3498 Praemisit
1143 3441 1317 3511 igitur
1354 3450 1411 3494 et
1451 3442 1705 3511 protasia
1741 3440 2103 3512 fecit,·quod
2133 3442 2279 3495 viam
2300 3444 2572 3527 panderet

502 3516 573 3569 ad
610 3513 920 3568 orationem
945 3511 1209 3577 Carvilii,
1253 3511 1472 3578 deinde,
1514 3522 1947 3565 commemorato
1976 3513 2194 3566 nomine
2220 3515 2361 3580 viri,
2396 3517 2573 3567 inter-

496 3586 690 3657 posuit
729 3600 830 3654 per
866 3582 1300 3644 enuntiationem
1339 3584 1759 3647 secundariam,
1799 3598 1942 3653 quae
1978 3586 2088 3636 iam
2128 3584 2307 3652 ipsam
2348 3591 2569 3638 senten-

500 3659 634 3711 tiam
673 3656 793 3709 eius
835 3653 1278 3724 praemunirent,
1320 3662 1431 3707 tum
1476 3656 1649 3717 hanc,
1689 3660 1749 3707 ut
1785 3654 1839 3707 in
1890 3668 1995 3725 qua
2036 3671 2249 3708 summa
2291 3656 2368 3709 rei
2410 3660 2571 3709 esset

498 3728 723 3798 posita,
764 3733 1012 3779 extremo
1049 3723 1177 3776 ioco
1209 3726 1534 3780 collocavit.
1589 3723 1896 3778 Praeterea
1930 3725 2294 3779 concinnitati
2330 3726 2405 3778 ita
2437 3741 2571 3779 con-

430 3851 431 3854 ,
502 3796 701 3865 saluit,
756 3805 850 3865 ut,
904 3812 1067 3865 quum
1102 3796 1230 3863 ipsa
1268 3792 1547 3850 sententia
1585 3794 1844 3865 primaria
1886 3796 2112 3848 brevior
2149 3804 2333 3861 esset,
2376 3812 2444 3846 ea
2481 3799 2569 3850 ta-

500 3885 661 3933 men,
715 3883 856 3937 quae
895 3867 973 3919 ini
1010 3867 1508 3935 interponerentur¹
1543 3877 1601 3920 et
1646 3867 2109 3935 adiungerentur,
2165 3874 2222 3920 et
2259 3866 2471 3922 ambitu
2509 3877 2570 3923 et

500 3938 868 3994 membrorum
909 3935 1184 3989 divisione
1222 3944 1508 4006 extremae
1584 3935 1698 3990 arti·
1726 3937 1884 4006 paria
1917 3945 2133 3994 essent.
2649 3935 2652 3940 ’

636 4017 815 4078 post
855 4011 1014 4065 Cas,
1052 4007 1446 4079 amissum)
1521 3954 1589 4065 ὅ.
1627 4007 1699 4063 ad
1736 4023 1785 4062 c.
1814 4006 1904 4075 17,
1944 4006 1996 4062 8.
