2869 4730
457 340 537 402 72
751 330 757 335 ’
823 360 852 417 χ
1282 333 1467 411 ΤΙἸἾ
1519 334 1704 409 [ΠΗ

455 523 573 565 ιιοιι
612 501 944 563 tolerantes
984 476 1228 571 famem,
1285 463 1636 577 constabat,
1690 505 1756 559 et
1797 504 1962 573 stare
2001 498 2254 561 inermes
2292 498 2352 560 in
2394 498 2525 560 mu-

455 603 570 676 ris,
627 580 785 662 nuda
836 618 1091 679 corpora
1145 598 1224 659 ad
1275 597 1570 659 missilium
1624 599 1874 691 telorum
1928 599 2085 661 ictus
2139 600 2521 680 praebentes.

385 710 425 765 7
456 701 552 769 Ea
591 706 777 783 aegre
819 697 1050 778 patiens
1083 697 1421 770 Gracchus,
1466 688 1639 779 quum
1670 708 1861 785 neque
1902 720 2160 783 pugnam
2199 719 2556 761 conserere

410 826 416 832 ·
457 800 770 864 dictatoris
810 797 1034 857 iniussu
1061 796 1310 856 auderet
1347 798 1759 880 (pugnandum
1801 806 1998 860 autem
2040 819 2206 871 esse,
2252 799 2304 859 si
2329 800 2529 879 palam

453 900 804 963 frumentum
846 898 1223 976 importaret,
1265 896 1565 975 videbat),
1608 918 1796 979 neque
1823 898 1973 961 clam
1992 899 2340 979 importandi
2380 918 2528 978 spes

387 1005 426 1061 8
460 1007 658 1072 esset,
695 997 893 1067 farre,
939 1016 1020 1056 ex
1062 995 1226 1077 agris
1270 995 1430 1057 cirea
1470 997 1732 1080 undique
1764 1007 2091 1072 convecto,
2150 1008 2322 1081 quum
2363 1018 2532 1060 com·—

458 1100 626 1179 plura
668 1090 825 1157 dolia
865 1096 1250 1174 complesset,
1311 1096 1572 1158 nuntium
1625 1097 1702 1158 ad
1757 1099 2168 1181 magistratum
2210 1099 2531 1160 Casilinum

387 1198 428 1255 9
458 1197 651 1270 misit,
689 1204 757 1257 ut
783 1194 1149 1274 exciperent
1191 1194 1381 1268 dolia,
1426 1216 1577 1278 quae
1620 1197 1803 1258 amnis
1839 1199 2125 1260 deferret.
2186 1197 2533 1279 Insequenti

436 1305 674 1370 nocte,
729 1295 972 1357 intentis
1028 1292 1291 1354 omnibus
1349 1294 1406 1355 in
1449 1295 1661 1357 flumen
1704 1318 1778 1359 ac
1821 1319 1983 1377 spem
2040 1300 2113 1360 ab
2155 1298 2358 1360 nuntio
2400 1299 2534 1357 Ro·-

458 1418 632 1469 mano
673 1395 930 1467 factam,
973 1393 1131 1454 dolia
1170 1394 1359 1454 medio
1401 1395 1582 1457 missa
1623 1397 1775 1458 amni
1820 1397 2216 1466 defluxerunt.
2287 1395 2535 1478 Aequa-

354 1501 428 1558 1⁰
460 1497 597 1558 liter
635 1496 792 1556 inter
830 1515 1032 1555 omnes
1073 1480 1424 1555 frumentum
1457 1495 1720 1557 divisum.
1781 1498 1847 1559 ld
1880 1507 2123 1578 postero
2160 1518 2389 1581 quoque
2432 1495 2533 1585 die

438 1618 536 1659 ac
578 1584 758 1656 tertio
791 1594 1016 1656 factum
1046 1601 1163 1654 est.
1225 1595 1421 1657 Nocte
1466 1603 1529 1657 et
1558 1596 1941 1659 mittebantur
1983 1606 2046 1659 et
2072 1586 2531 1678 perveniebant·

354 1706 428 1761 11
464 1717 536 1759 eo
588 1695 892 1760 custodias
951 1693 1208 1767 hostium
1244 1691 1553 1762 fallebant.
1637 1697 1915 1759 Imbribus
1968 1698 2178 1758 deinde
2236 1692 2533 1759 continuis

463 1794 703 1879 citatior
744 1778 923 1855 solito
967 1788 1149 1855 amnis
1191 1800 1541 1856 transverso
1582 1797 1814 1859 vortice
1873 1795 2030 1859 dolia
2068 1797 2291 1878 impulit
2332 1799 2409 1859 ad
2449 1798 2539 1858 ria

460 1917 627 1978 pam,
686 1914 857 1977 quam
892 1887 1124 1954 *hostes
1178 1895 1547 1971 servabant..
1604 1896 1688 1958 lbi
1737 1884 2046 1960 haerentia
2099 1898 2255 1959 inter
2310 1900 2538 1959 obnata
2607 1974 2612 1981 Β

386 2010 389 2014 ⁴
426 2030 429 2035 =
460 1994 605 2077 ripis
648 1994 862 2056 salicta
904 1990 1380 2075 conspiciuntur,
1360 2018 1376 2031 ·
1420 1994 1877 2088 nuntiatumque
1918 1998 2233 2060 Hannibali
2280 2005 2408 2070 est,
2466 2006 2539 2059 et

464 2179 604 2236 Sall.
645 2180 766 2235 Cat.
798 2179 904 2246 86,
939 2178 978 2233 5
1024 2197 1209 2252 neque
1247 2180 1511 2250 praemio
1557 2180 1834 2235 inductus
1881 2183 2333 2237 coniurationem
2366 2196 2538 2253 pate·

452 2254 688 2322 fecerat
722 2267 902 2322 neque
939 2268 1014 2304 ex
1052 2252 1264 2305 eastris
1305 2252 1586 2304 Catilinae
1634 2252 1940 2322 quisquam
1972 2255 2166 2307 omniu
2261 2255 2538 2309 discesse-

463 2332 584 2377 rat.
637 2318 900 2377 Ceterum
940 2328 1135 2407 patet,
1190 2320 1405 2376 Livium
1459 2322 1549 2377 hic
1598 2324 1808 2377 rectius
1847 2324 2066 2393 plenam
2105 2326 2436 2380 senentiam
2474 2326 2536 2380 iu

468 2394 648 2447 altero
687 2392 934 2447 membro
975 2391 1258 2460 posuisse.
1313 2390 1505 2447 Omitti
1532 2393 1673 2447 enim
1714 2411 1822 2447 ιιοιι
1858 2395 2039 2465 potuit
2077 2411 2349 2451 murorum
2384 2412 2538 2452 men

358 2473 359 2476 ’
465 2465 550 2519 tio
585 2464 643 2517 in
681 2462 860 2516 altero
898 2459 1179 2529 membro,
1235 2463 1438 2534 quippe
1477 2463 1603 2529 ubi,
1659 2465 1712 2518 si
1749 2482 1818 2518 ea
1858 2465 2120 2531 deesset,
2171 2468 2538 2538 supplendum

469 2535 761 2617 quicquam
801 2550 969 2599 esse,
1009 2550 1115 2587 nou
1154 2540 1486 2623 appareret,
1524 2536 1703 2604 potuit
1737 2536 1792 2589 in
1827 2536 2013 2607 priore
2035 2545 2263 2609 propter
2288 2554 2399 2591 non
2418 2539 2539 2609 ple-

465 2620 593 2668 nam
632 2605 743 2659 vim
777 2605 1080 2659 locutionis
1119 2623 1181 2659 se
1209 2606 1622 2675 praecipitare.

608 2676 837 2729 adm.
870 2685 915 2728 t.
966 2676 1173 2731 ictus
1217 2676 1735 2747 praebentes)
1788 2675 2000 2732 Eadem
2055 2655 2370 2745 structura,
2428 2678 2540 2732 sed

467 2747 742 2801 translato
784 2746 988 2812 verbo,
1041 2763 1174 2800 usus
1212 2754 1304 2799 est
1340 2746 1547 2814 1V,35
1585 2755 1726 2802 extr.
1780 2749 1995 2803 desisse
2039 2761 2332 2818 postremo
2365 2766 2544 2818 prae·

469 2819 602 2873 berc
638 2818 727 2870 ad
754 2819 1157 2884 contumeliam
1191 2834 1276 2870 os.

395 2889 435 2944 7
606 2890 1074 2956 importaret
1162 2888 1202 2942 i.
1227 2905 1276 2940 e.
1315 2886 1367 2942 si
1404 2887 1705 2959 importare
1745 2897 2060 2946 conaretur.
2117 2889 2202 2945 lta
2231 2871 2541 2945 coniuncti-

467 2976 596 3015 vum
637 2975 852 3029 quoque
889 2960 1063 3029 imper
1092 2959 1205 3016 ecti
1242 2974 1351 3012 non
1389 2975 1518 3013 raro
1543 2962 1741 3014 referri
1764 2962 1834 3015 ad
1856 2970 2146 3028 conatum,
2187 2962 2538 3019 ostendimus

470 3027 955 3097 ιιιίΧΧ16,6.
1027 3029 1812 3099 v.qap.2o,2;32,7.-

398 3099 437 3155 8
613 3101 710 3153 ad
752 3101 1300 3186 ‘mayisttratum
1352 3101 1807 3172 Casilinum)
1885 3102 2187 3172 „intellige
2233 3104 2392 3157 misit
2429 3105 2541 3159 Ca-

338 3183 343 3192 ‘
469 3172 703 3228 silinum
737 3171 820 3223 ad
853 3173 1286 3242 maqietratum,
1324 3187 1468 3238 ιιοιι,
1509 3180 1567 3224 ut
1601 3174 1821 3243 quidam
1861 3175 2084 3243 volunt,
2122 3176 2206 3230 ad
2221 3176 2539 3244 mayistra-

470 3254 598 3297 tum
636 3242 967 3295 Casilinum.
975 3245 1014 3277 “
1068 3241 1358 3295 Drakenb.
1406 3241 1473 3300 V.
1516 3241 1583 3295 de
1620 3246 1729 3297 hoc
1769 3243 1987 3297 dicendi
2027 3262 2231 3313 genere
2269 3248 2335 3299 ad
2373 3247 2540 3316 XXI,

468 3313 575 3377 49,
613 3312 665 3368 3.
729 3311 883 3366 Unus
924 3320 1129 3365 tantum
1169 3314 1329 3382 isque
1369 3305 1608 3380 exiguae
1648 3315 2002 3368 auctoritatis
2044 3316 2204 3371 cod..
2241 3318 2326 3370 ad
2356 3319 2542 3401 maqi·

468 3395 717 3439 etratus.
792 3381 907 3436 Sed
948 3384 1164 3436 videtur
1202 3383 1488 3453 praesidii
1512 3384 1832 3453 praefectus
1883 3387 1979 3438 vel
2010 3396 2238 3456 praetor
2278 3388 2537 3457 intelligi.

473 3453 566 3513 cf.
607 3455 753 3509 infra
793 3451 847 3520 ξ.
873 3454 944 3506 17
978 3461 1037 3508 et
1072 3452 1157 3506 18
1235 3452 1508 3507 Similiter
1541 3454 1755 3508 infinite
1791 3472 2051 3520 numerus
2090 3459 2310 3528 singul
2333 3460 2542 3528 legitur

352 3589 358 3595 ,
442 3524 697 3591 ἡΧΧῚῘΙ,
736 3524 808 3578 15
843 3524 984 3578 med.
1036 3526 1452 3593 magistratum
1487 3526 1809 3579 Sidicinum
1858 3528 2031 3581 citari
2079 3530 2253 3582 iussit
2296 3530 2542 3597 impera·

469 3599 698 3669 vitque,
746 3607 818 3650 ut
849 3598 1199 3662 produceret
1243 3597 1607 3661 Campanos,
1666 3616 1809 3667 quos
1854 3600 1916 3652 in
1962 3601 2229 3653 custodia
2266 3600 2542 3667 haberet,-

469 3669 673 3731 xlm,
713 3668 745 3720 1
784 3675 915 3736 post
954 3668 1095 3720 med.
1136 3668 1340 3719 literas
1379 3666 1701 3721 Praeneste
1737 3670 1926 3736 misit,
1982 3681 2049 3723 ut
2083 3671 2194 3723 sthi
2230 3668 2542 3739 magistra·
2553 3697 2554 3700 ¹

473 3750 587 3862 taes}¹
595 3703 832 3861 οἱὲιόίαηι
851 3738 1063 3860 εἷα-ἱνα,
1102 3738 1530 3808 Iocumpublice
1552 3734 1817 3810 pararet,
1858 3741 1957 3795 ubi
1981 3743 2374 3802 deverteretur
2390 3750 2539 3794 etc.·
2520 3777 2541 3809 ,

473 3810 494 3861 i
534 3825 552 3862 ι
758 3826 844 3862 me

335 3877 443 3933 <1⁰
609 3869 1231 3949 perveniebant)
1253 3879 1293 3933 i.
1322 3896 1373 3932 e.
1414 3879 1486 3934 ad
1521 3879 1703 3970 locum
1743 3881 2077 3936 destinatum
2114 3879 2428 3968 veniebant.
2467 3880 2540 3940 V.

372 3960 385 3972 ⁸
478 3948 547 4001 de
583 3949 692 4002 boc
728 3950 798 4001 ad
840 3948 1274 4017 xxl1‚18,².

369 4018 443 4074 11
609 4020 1198 4094 nuntiatumque
1246 4019 1323 4078 Η.
1377 4020 1533 4093 eet)
1621 4022 1915 4078 Nuntiat-e
1974 4022 2190 4093 aliaque
2247 4021 2306 4078 id
2365 4038 2542 4097 genus
