2869 4730
838 358 847 373 “
907 374 1062 446 mn.
1105 372 1337 447 xxm.
1401 381 1579 446 eAr.
1628 384 1724 446 16.
1829 410 1850 423 2-
1951 432 1958 435 ,
2266 385 2347 453 57.
2402 465 2406 473 ,

280 549 495 612 fortius
539 566 612 613 ao
653 546 889 613 fidelius
928 548 1146 612 iuverit
1156 540 1182 623 ,⁹
1235 546 1407 630 quum
1446 544 1744 611 Hannibal
1799 549 1876 621 ad
1919 556 2127 630 portas
2180 551 2348 613 esset
2380 553 2420 608 ε

283 650 529 729 (Nolam
573 649 725 711 enim
744 669 954 711 rursus
997 671 1036 711 a
1064 650 1320 711 Nuceria
1362 650 1547 711 movit
1573 651 1834 726 castra),
1877 650 2195 737 plebesque
2226 652 2349 711 No-

252 751 415 813 Jaua
477 751 550 810 de
594 747 833 830 integro
889 749 966 809 ad
1017 736 1415 811 defectionem
1469 739 1796 828 spectaret.
1860 751 2198 812 -Marcellus
2241 752 2347 811 sub
2382 755 2420 809 3

279 851 598 930 adventum
636 849 892 909 hostium
929 847 1087 908 intra
1128 869 1325 910 muros
1369 869 1437 909 se
1478 849 1744 929 recepit,
1809 851 2186 915 non2castris
2226 871 2351 911 rne-

154 954 163 981 ‘
277 957 487 1021 tuens,
548 950 656 1010 sed
698 968 773 1010 ne
817 948 1159 1027 prodendae
1217 949 1375 1009 urbis
1405 950 1806 1037 >occasionem
1849 950 2013 1013 nimis
2045 938 2248 1011 ‘multis
2289 950 2349 1009 in

280 1051 408 1110 eain
447 1048 872 1115 imminentibus
916 1049 1108 1111 daret.
1169 1049 1385 1109 instrui
1426 1050 1639 1110 deinde
1682 1051 1964 1131 utrimque
2003 1048 2165 1112 acies
2210 1071 2350 1111 coe-
2383 1052 2421 1107 4

276 1152 452 1228 pt'ae,
495 1148 893 1209 Romanorum
931 1168 1039 1227 pro
1082 1148 1382 1209 moenibus
1421 1149 1645 1221 Nolae,
1688 1150 2023 1212 Poenorum
2065 1158 2204 1211 ante
2248 1170 2350 1211 ca-

279 1256 408 1309 stra
448 1268 576 1309 sua.
660 1246 900 1308 Proelia
940 1249 1069 1309 hinc
1113 1268 1301 1329 parva
1341 1247 1497 1309 inter
1537 1250 1738 1309 urbem
1777 1258 2094 1332 castraque
2139 1257 2209 1310 et'
2243 1270 2351 1311 va-

278 1348 365 1409 rio
411 1354 635 1424 eventu
674 1344 931 1419 fiebant,
975 1348 1109 1428 qnia
1152 1349 1334 1413 duces
1377 1368 1490 1410 nec
1532 1350 1842 1430 probibere
1870 1371 2096 1430 paucos
2126 1357 2350 1411 temere
2427 1397 2434 1403 .

278 1453 681 1526 provocantes
736 1467 849 1511 nec
905 1446 1048 1523 dare
1101 1448 1331 1530 signum
1387 1448 1704 1510 universae
1755 1470 2004 1532 pugnae.
2046 1448 2348 1512 volebant.

280 1663 518 1718 minibus
570 1662 909 1733 reipublicae
958 1664 1255 1720 militarem
1308 1683 1535 1736 operam
1590 1667 2023 1737 praestantibus,
2095 1667 2164 1722 V.
2197 1664 2354 1720 infra

282 1753 329 1788 c.
351 1735 442 1801 46,
481 1736 547 1801 63
586 1735 800 1804 XXIV,
832 1735 923 1801 4⁷,
962 1737 1063 1802 113
1109 1737 1396 1808 xxvm,
1430 1739 1468 1792 9
1503 1747 1685 1807 extr.;
1723 1737 2027 1804 xxxvn,
2062 1736 2135 1792 54
2172 1744 2350 1805 extr.;

279 1807 416 1874 XL,
455 1806 527 1861 49
565 1815 748 1867 extr-3
791 1805 971 1872 XLV,
1007 1807 1079 1859 14
1115 1809 1193 1860 in.
2271 1830 2276 1837 ¹

303 1928 312 1941 ,
360 1910 371 1916 ψ
417 1888 500 1930 ut
534 1904 609 1917 -·
645 1876 961 1946 iuverit)
1038 1879 1152 1931 Sub
1201 1895 1362 1932 unum
1417 1879 1575 1950 quasi
1630 1889 1916 1950 aspectum
1968 1895 2107 1949 quae
2143 1885 2352 1948 postea
2411 1908 2416 1915 =

283 1948 396 2021 egit
449 1947 717 2012 Bantius„
768 1947 967 2000 Livius
1021 1949 1269 2017 collegit.
1345 1948 1410 2004 V.
1468 1950 1537 2003 de
1586 1950 1696 2007 hac
1745 1958 2025 2005 structura
2079 1950 2149 2004 ad
2184 1950 2348 2018 XXI,

281 2020 347 2086 2,
383 2018 457 2087 63
490 2018 642 2071 *adde
679 2014 895 2070 Weiss.
935 2017 1133 2085 §.4⁰32
1174 2035 1225 2074 n.

306 2130 311 2131 ν
420 2106 645 2160 quum
680 2117 752 2139 -η
787 2091 1025 2155 esset)
1101 2091 1187 2145 Ab
1226 2090 1315 2145 his
1352 2091 1547 2146 verbis
1587 2098 1713 2144 aute
1752 2076 2164 2160 Heusingerum
2201 2107 2349 2148 nova
2383 2091 2421 2144 2
2493 2122 2494 2129 κ

282 2159 588 2214 enuntiatio
627 2159 841 2230 initium
881 2161 1156 2227 habebat,
1197 2164 1354 2217 cuins
1378 2163 1645 2231 apodosis
1670 2170 1792 2218 erat
1828 2163 1882 2216 in
1922 2165 2142 2217 verbisz
2181 2165 2351 2217 Mar:-

280 2235 451 2287 cellus
477 2248 621 2284 —se
660 2231 894 2298 recepit.
962 2231 1073 2285 Sed
1115 2242 1269 2293 recte
1309 2232 1735 2305 Heusingerus,
1775 2251 1935 2304 quem
1972 2235 2349 2305 Kreyssigius

285 2313 343 2357 et
378 2302 671 2356 Bekkerus
712 2304 896 2356 secuti
934 2312 1092 2373 sunt,
1131 2305 1289 2359 haec*
1312 2304 1593 2375 prioribus
1630 2306 1950 2373 subiunxit,
1992 2308 2071 2361 ita
2098 2314 2155 2360 nt
2177 2306 2351 2360 maio-

278 2393 393 2431 rem
448 2375 863 2429 distinctionem
917 2383 1163 2445 poneret
1209 2386 1341 2447 post
1386 2389 1698 2446 spectaret.
1771 2377 1964 2449 Neque
2025 2379 2166 2432 enim
2209 2379 2352 2432 veri-

279 2447 459 2500 simile
501 2452 623 2513 est,
680 2445 1003 2501 Marcellum
1041 2455 1155 2502 tum
1194 2450 1410 2502 demum
1451 2465 1515 2501 se
1554 2450 1886 2524 recepisse,
1943 2466 2103 2519 quum
2142 2448 2351 2502 Hanni·

284 2518 373 2572 bal
413 2517 479 2570 ad
504 2526 695 2586 portas
737 2524 929 2583 esset,
970 2527 1027 2571 et
1065 2520 1331 2588 displicet
1365 2519 1418 2571 in
1460 2519 1652 2573 eadem
1694 2538 1753 2574 re
1793 2522 2000 2591 duplex
2038 2522 2176 2573 haec
2214 2529 2351 2575 tem·

278 2590 433 2658 poris
474 2588 825 2660 designatio:
883 2608 1062 2660 quum
1096 2593 1172 2644 H.
1208 2591 1294 2652 ad
1322 2601 1534 2659 portas
1586 2603 1738 2646 esset
1791 2601 1848 2646 et
1894 2593 2000 2646 sub
2038 2593 2353 2646 adventum

164 2689 169 2694 ·
281 2661 550 2716 hostium.

419 2730 682 2801 movit)
757 2727 888 2784 Hoc
925 2730 1176 2801 plerique
1215 2737 1382 2802 atque
1423 2733 1617 2802 optimi
1656 2732 1781 2784 libri
1820 2731 2208 2801 fflippeditant,
2249 2731 2352 2784 sed

280 2800 528 2863 editores
580 2801 828 2871 plerique
882 2810 1244 2870 receperunt:
1296 2813 1574 2856 moverat:
1651 2800 1832 2859 Quum
1885 2819 1985 2873 per
2023 2821 2088 2856 se
2128 2808 2354 2857 constet
2415 2859 2420 2866 ,

278 2873 671 2942 parenthesis,
723 2888 904 2942 neque
959 2887 1100 2940 opus
1140 2872 1401 2940 sitfut,
1457 2872 1601 2943 quod
1636 2873 1693 2927 in
1733 2891 1800 2926 ca
1837 2882 2071 2943 ponatur
2110 2881 2350 2943 tempus,

279 2946 561 2996 referatur
598 2944 664 2997 ad
706 2959 894 2998 earum
932 2945 1637 3013 partiumkenuutiationis,
1691 2945 1888 3015 quibus
1928 2944 2038 3006 ina„
2062 2946 2350 3010 inseritur,

279 3021 568 3084 tempora,
628 3015 763 3069 nibil
817 3015 906 3068 hic
967 3016 1198 3078 attinet,
1256 3015 1325 3069 ab
1381 3016 1712 3085 optimorum
1765 3016 2018 3070 codicum
2073 3017 2354 3086 scriptura

282 3085 597 3138 discedere.
677 3086 758 3139 lta
795 3085 1018 3151 XXVI,
1054 3085 1091 3139 6
1129 3087 1231 3140 sub
1270 3086 1364 3141 fin.
1417 3083 1690 3141 immissis
1727 3088 1800 3140 ab
1841 3085 2197 3154 Hannibale,
2253 3085 2354 3158 qui

274 3158 525 3222 (habuit
562 3157 816 3227 aliquot)
872 3158 1046 3226 quari
1083 3159 1342 3211 Latinae
1392 3160 1628 3228 linquae
1677 3157 1940 3216 iuberent
1977 3165 2100 3230 etc,
2149 3158 2350 3211 Livius

278 3244 386 3281 non
425 3228 570 3283 dixit
604 3228 856 3280 habebat
892 3229 1148 3298 aliquot,
1188 3229 1333 3300 quod
1369 3245 1613 3300 necesse
1652 3237 1809 3300 erat,
1862 3230 1912 3285 si
1951 3230 2350 3284 enuntiationis

281 3299 556 3352 relativae
595 3307 810 3368 tempus
849 3305 1154 3368 spectaret.

282 3397 319 3508 ξ
367 3371 706 3494 2(σθαωνὶε
740 3371 1112 3439 metuens)
1186 3370 1254 3425 V.
1295 3370 1360 3423 Z.
1402 3369 1623 3440 §.4143
1681 3368 1812 3426 Sch.
1863 3369 2089 3441 p.455;
2140 3372 2348 3427 Weiss.
2385 3375 2423 3429 3

419 3512 494 3563 in
534 3528 691 3564 eam
725 3511 1313 3581 imminentibus)
1379 3510 1473 3565 cf.
1513 3510 1696 3577 XXV,
1718 3511 1792 3564 20
1828 3519 1970 3566 extr.
2008 3513 2069 3565 in
2107 3512 2352 3568 alteriue

280 3582 444 3636 ducis
470 3583 887 3652 „earet-citusque
938 3583 1298 3651 opprimendi
1342 3584 1705 3637 occasionem
1740 3583 2106 3644 immine-hat,-
2157 3583 2350 3647 XXX,
2415 3598 2422 3605 ·

278 3652 349 3708 28
387 3660 532 3705 extr.
560 3670 699 3722 -quo
736 3654 924 3720 mayis
957 3655 1019 3706 in
1049 3655 1440 3725 propinquam
1476 3671 1604 3707 eam
1641 3655 1709 3726 (i.
1748 3672 1798 3708 e.
1838 3654 2116 3708 victoriae
2155 3653 2351 3725 spem)

280 3723 655 3786 imminebant
691 3725 916 3776 animis.
1803 3741 1808 3752 ·

416 3810 556 3862 pro
614 3812 689 3847 m.
742 3794 973 3847 Nolae
1008 3824 1080 3835 --
1115 3795 1332 3863 ante)
1397 3793 1487 3858 De
1542 3795 1784 3849 diversis
1837 3794 2348 3865 praepositionibus
2386 3799 2424 3854 4

284 3864 357 3917 cf.
398 3881 538 3936 quae
581 3862 732 3918 dicta
770 3873 897 3919 sunt
936 3865 1004 3918 ad
1043 3866 1220 3933 xxi,
1258 3865 1350 3932 41,
1388 3865 1476 3930 14.
1553 3865 1626 3920 Et
1663 3861 1846 3936 aptius
1888 3866 2104 3936 quidem
2145 3867 2235 3919 bic
2273 3866 2352 3921 al-

281 3941 404 3988 tero
442 3938 573 3989 loco
605 3953 718 4005 pro
757 3936 998 4005 positum
1037 3932 1206 4007 esse,
1246 3936 1424 3990 altero
1465 3948 1634 4002 ante,
1672 3937 1844 4020 faqile
1885 3943 1975 3991 est
2007 3936 2314 3991 intellectu.

270 4045 275 4052 .
372 4017 513 4129 4⁶18
553 4007 773 4060 vario
829 4008 1124 4079 eventu)
1218 4006 1312 4062 Cf.
1367 4007 1437 4061 de
1490 4009 1867 4064 collocatione
1924 4007 2223 4063 verborum
2280 4007 2351 4093 ad

285 4091 334 4129 c.
424 4114 441 4144 ,
516 4115 531 4129 .
650 4111 651 4114 η
756 4103 761 4106 -
1555 4117 1556 4122 1
1983 4090 2000 4096 ’
