2869 4730
481 352 574 417 ss
708 308 721 317 ’
1297 352 1723 419 ‘rmmvn
2101 370 2115 399 κ

410 526 449 583 Β
466 486 733 614 screatu&
768 526 935 593 erat3
989 526 1115 581 tun
1153 518 1339 602 legit,
1398 518 1495 599 qni
1549 518 1806 590 aediles,
1843 516 2079 583 'tribuni
2119 517 2315 598 plebei
2362 537 2547 599 quae:

480 625 762 682 storesvs
817 617 1089 693 fuerent3
1147 626 1271 681 tum
1308 628 1411 681 ‘ex
1465 619 1537 681 iis
1552 663 1570 692 ,
1623 618 1727 700 qni
1774 618 2168 701 magistratus
2222 616 2547 698 cepissent,

477 855 707 923 primus
742 854 949 909 babent
985 864 1261 921 senatus,
1301 854 1401 909 alii
1438 866 1698 909 senator.
1757 853 1916 909 Hinc
1941 852 2266 908 Gronovius
2306 853 2553 909 coniecit

482 926 868 993 scribendumt
909 936 977 979 ut
996 927 1238 997 quisque
1268 944 1472 979 eorum
1493 922 1879 998 ’παρίκει-«τω
1895 927 2122 995 primus
2148 936 2382 981 creatae
2405 936 2552 979 erat.
2608 944 2612 950 ·

482 997 725 1051 Primus
761 1005 946 1051 autem
979 998 1069 1051 bic
1109 997 1352 1051 refertur
1388 998 1462 1051 ad
1498 1005 1739 1070 tempus,
1777 1014 1921 1064 uon,
1962 1005 2018 1052 ut
2054 1012 2226 1071 supra
2266 1000 2347 1068 (c.
2366 995 2458 1063 15,
2476 996 2545 1066 6)

477 1065 705 1139 primus
740 1069 1011 1138 quisque,
1053 1068 1122 1122 ad
1162 1068 1506 1139 dignitatem.
1673 1085 1677 1093 ·

410 1137 452 1194 θ
623 1140 948 1209 aediles)
1019 1141 1057 1192 i.
1088 1157 1142 1192 e.
1181 1140 1399 1209 plebei,
1456 1137 1603 1211 quod
1639 1154 1742 1209 per
1776 1154 1842 1191 se
1880 1145 2073 1209 patet,
2127 1152 2292 1208 quam
2329 1138 2551 1193 curules

480 1208 595 1264 iam
626 1216 793 1263 antea
832 1209 1257 1281 significaverit.
1312 1210 1427 1266 Sed
1453 1218 1647 1283 potest
1682 1211 1853 1266 etiam
1876 1227 1991 1265 vox
2016 1210 2239 1280 plebei,
2280 1224 2423 1280 quae
2462 1227 2560 1273 seq

484 1280 703 1351 quitur,
747 1281 853 1336 buc
890 1282 1113 1335 referri.
1323 1307 1327 1312 v
2470 1304 2474 1308 >

623 1353 749 1423 qui
796 1352 1315 1422 maqz‘stratub
1365 1353 1790 1422 cepissent)
1867 1349 2029 1406 Haec
2069 1350 2351 1421 scriptura
2391 1365 2554 1420 quum

480 1421 540 1474 in
577 1423 830 1476 omnibus
881 1424 1040 1477 libris
1079 1425 1364 1494 supersit,
1420 1425 1675 1479 editores
1722 1431 1910 1478 tamen
1961 1424 2213 1494 plerique
2251 1437 2444 1476 omnes
2484 1421 2555 1475 de

402 1516 428 1560 ¹.
485 1491 548 1546 Si
593 1494 706 1546 onii
758 1494 1082 1549 coniectura
1131 1495 1483 1549 inserendum
1511 1513 1649 1549 ‚non
1701 1503 1829 1548 aute
1881 1496 2165 1566 cepissent
2202 1500 2554 1563 putaverunt.

372 1628 379 1637 „
480 1508 719 1619 vigenn-
755 1573 938 1619 autem
990 1583 1058 1620 ea
1097 1568 1324 1621 mutatio
1365 1584 1555 1637 parum
1604 1566 1913 1635 probabilis
1954 1583 2108 1620 esse.
2180 1563 2320 1619 Nam
2359 1563 2411 1616 si
2451 1563 2555 1616 Fa-

480 1632 607 1688 bius
644 1636 699 1687 in
738 1636 989 1706 legendis
1029 1637 1121 1704 iis,
1163 1639 1254 1708 qui
1278 1638 1371 1691 bic
1395 1646 1920 1703 commemorantur,
1960 1653 2069 1690 non
2105 1635 2356 1690 ordinem
2393 1650 2558 1706 spec·

482 1713 700 1772 tasset,
741 1707 843 1760 sed
880 1710 1059 1761 solam
1097 1709 1377 1779 virtutem,
1416 1726 1526 1762 nou
1554 1710 1829 1776 fecisset,
1871 1709 2017 1781 quod
2057 1726 2121 1761 se
2160 1707 2436 1783 facturum
2462 1721 2556 1759 au-

482 1783 578 1830 tea
618 1776 793 1847 (§.4)
845 1781 1139 1853 professus
1192 1789 1328 1834 erat.
1404 1779 1614 1835 Contra
1666 1781 1717 1834 si
1766 1781 1871 1834 bos
1926 1795 2145 1852 quoque
2202 1795 2276 1831 ex
2322 1788 2554 1831 numero

484 1856 711 1916 eornm,
750 1849 838 1919 qui
878 1851 1235 1919 magistratus
1276 1851 1628 1921 gessissent,
1680 1859 1938 1922 peteret,
1979 1852 2166 1906 *etiam
2205 1850 2298 1903 bic
2338 1848 2555 1902 ordinis

480 1919 758 1972 rationem
794 1922 1035 1977 tenebat.
1109 1923 1383 1989 Accedit,
1439 1924 1585 1995 quod
1633 1923 1836 1990 iniis,
1889 1923 1986 1994 qui
2040 1920 2244 1992 spolia·
2275 1937 2347 1973 ex
2386 1922 2556 1973 hoste
2647 1954 2650 1959 -

481 1988 598 2044 fixa
634 1991 780 2044 domi
820 1993 1121 2060 haberent,
1160 1996 1313 2048 multi
1351 2002 1651 2065 potueruut
1675 2011 1828 2062 esse,
1871 1996 1961 2067 qui
1999 1996 2168 2061 alios,
2210 2008 2373 2063 quam
2412 2006 2556 2061 quos

477 2061 646 2114 modo
685 2063 880 2118 Livius
932 2064 1106 2129 dixit,
1156 2067 1525 2136 magistratus
1582 2067 1826 2120 minores
1880 2066 2235 2137 gessissent,
2294 2063 2556 2133 ideoque,

480 2132 535 2185 si
568 2133 679 2185 iam
716 2151 817 2187 eos
868 2141 1076 2188 tantum
1126 2137 1345 2207 legeret
1385 2138 1627 2203 Fabius,
1687 2138 1778 2207 qui
1829 2154 1938 2190 nou
1978 2137 2226 2189 fuissent
2273 2134 2330 2187 iu
2384 2134 2560 2203 magi-

479 2205 785 2271 stratibus,
847 2205 1178 2259 excludendi
1231 2215 1465 2276 essent,
1526 2205 1672 2278 quod
1724 2208 1880 2262 credi
1932 2207 2079 2259 nullo
2138 2210 2302 2274 pacto
2344 2209 2560 2273 potest.

478 2270 787 2328 Praeterea
824 2275 874 2327 si
914 2292 1118 2329 census
1158 2283 1269 2329 tum
1308 2278 1415 2331 fuit
1455 2278 1807 2344 senatorius,
1841 2276 1906 2329 id
1946 2275 2094 2346 quod
2131 2275 2367 2327 maxime
2410 2273 2559 2326 veri-

479 2343 665 2397 simile
703 2352 825 2413 est,
865 2345 915 2398 si
956 2347 1219 2400 conferas
1250 2347 1402 2411 ,infra
1439 2347 1653 2413 XXIV,
1691 2349 1779 2413 11,
1820 2347 1855 2402 8
1898 2348 1979 2418 (v.
2020 2345 2167 2415 ibi);
2204 2346 2387 2397 nonne
2428 2344 2559 2399 fieri

478 2415 694 2486 potuit,
734 2424 792 2470 ut
829 2417 1012 2484 multi,
1054 2418 1146 2487 qui
1184 2420 1369 2488 spolia
1407 2420 1557 2473 domi
1592 2420 1706 2472 fixa
1745 2420 2014 2472 baberent
2050 2425 2146 2471 aut
2184 2416 2422 2470 civicam
2461 2431 2563 2468 co-

479 2502 674 2539 ronam
712 2488 1098 2556 accepissent,
1141 2506 1263 2543 eum
1303 2506 1532 2545 censum
1570 2507 1679 2544 non
1720 2487 2025 2546 baberent?
2075 2487 2157 2541 Ne
2192 2487 2303 2540 hoc
2330 2486 2558 2556 quidem

479 2557 791 2611 verisimile
815 2566 906 2611 est
922 2602 940 2629 ,
976 2575 1257 2614 numerum
1282 2578 1551 2616 uovorum
1576 2569 1901 2616 senatorum
1925 2577 2033 2614 non
2057 2560 2323 2616 maiorem
2348 2557 2556 2624 fuisse,

481 2643 646 2699 quam
684 2636 899 2683 centum
938 2633 1295 2703 septuaginta
1331 2641 1549 2703 septem
1589 2633 1898 2698 bominum,
1946 2632 1999 2686 si
2036 2639 2094 2684 et
2131 2628 2559 2699 magistratibus

478 2700 591 2766 iis,
632 2700 724 2770 qui
763 2703 1056 2755 memorati
1094 2710 1247 2769 sunt,
1300 2705 1512 2770 functi,
1567 2712 1626 2758 et
1657 2712 1958 2790 praeterea
2012 2717 2205 2756 omnes
2247 2702 2560 2771 quicunque

480 2771 669 2841 spolia
718 2771 833 2825 fixa
883 2771 1031 2825 domi
1084 2775 1355 2840 baberent
1415 2784 1510 2830 aut
1562 2777 1799 2830 civicam
1860 2787 2132 2829 coronam
2175 2772 2557 2841 accepissent,

477 2842 620 2896 lecti
657 2849 872 2897 essent.
947 2843 1160 2898 Horum
1200 2845 1420 2916 quidem
1477 2848 1533 2900 in
1582 2855 1737 2904 tanto
1790 2844 1997 2917 populo
2036 2844 2395 2914 assiduisque
2434 2841 2554 2895 illis

478 2912 648 2967 bellis
685 2914 889 2988 illaque
919 2914 1297 2971 Romanorum
1336 2918 1542 2972 virtute
1578 2934 1861 2972 numerum
1898 2933 2009 2969 nou
2040 2917 2309 2970 maiorem
2350 2913 2557 2978 fuisse,

483 2982 609 3053 quis
648 2983 882 3039 credat¹3
953 2985 1211 3059 Denique
1266 2990 1417 3042 nulla
1469 2996 1559 3044 est
1596 2991 1739 3043 satis
1779 2989 1981 3041 idonea
2019 2985 2351 3039 inserendae
2389 3000 2561 3053 nega-

478 3054 654 3108 tionis
695 3071 889 3111 causa.
961 3057 1099 3112 Nam
1138 3059 1281 3130 qu‘od
1320 3060 1529 3114 Fabius
1576 3077 1685 3113 non
1736 3059 1883 3114 alios
1934 3058 2045 3111 nisi
2099 3057 2189 3127 qui
2229 3055 2407 3109 functi
2445 3071 2562 3108 ma-

483 3125 815 3195 gistratibus
856 3138 1083 3196 essent,
1134 3129 1306 3200 legit,
1357 3132 1413 3184 id
1454 3132 1536 3186 rei
1575 3140 1632 3186 et
1669 3128 2057 3186 consuetudini
2096 3143 2260 3199 qnam
2315 3126 2560 3180 maxime

480 3203 919 3251 consentaneum
959 3209 1136 3269 erat,
1167 3217 1328 3272 quum
1368 3202 1491 3255 fere
1527 3220 1603 3270 ex
1639 3201 2062 3272 magistratibus
2102 3206 2422 3252 senatorium
2458 3212 2560 3249 nu·

479 3281 670 3319 merus
708 3269 1094 3337 suppleretur,
1152 3272 1428 3342 iidemque
1468 3285 1538 3325 ex
1576 3273 2040 3341 locupletioribus
2080 3270 2299 3324 civibus
2340 3276 2559 3321 essent.

481 3334 612 3390 Bac
648 3354 709 3390 re
749 3346 957 3393 tantum
1006 3359 1039 3395 a
1076 3359 1232 3396 more
1273 3344 1549 3409 recessit,
1608 3344 1754 3413 quod
1793 3343 2141 3396 necessitate
2181 3348 2413 3393 coactus
2451 3354 2564 3391 nou

481 3408 728 3461 maiores
767 3411 945 3463 solum
981 3413 1342 3482 magistratus
1380 3415 1668 3485 respexit,
1719 3413 1874 3484 quod:
1902 3414 2024 3466 fere
2064 3412 2238 3465 fiebat
2279 3411 2388 3481 (cf.
2428 3409 2559 3462 Liv.
2605 3475 2608 3478 A

480 3479 688 3548 XXII,
724 3477 816 3546 49,
845 3480 983 3551 17),
1024 3483 1124 3538 sed
1168 3487 1333 3539 etiam
1375 3485 1638 3538 minores.
1715 3485 1906 3564 (lunge
1943 3484 2181 3554 primum
2217 3498 2412 3546 omues
2452 3496 2558 3533 eos

480 3551 654 3621 legit,
705 3552 798 3621 qui
838 3554 1081 3607 curulem
1120 3558 1507 3626 magistratum
1548 3556 1899 3626 gessissent,
1963 3554 2161 3607 deinde
2202 3553 2271 3606 ad
2308 3553 2558 3605 minores

480 3617 848 3692 magistratus
884 3626 1220 3679 transeundo
1262 3629 1369 3680 hoe
1409 3628 1708 3688 discrimen
1750 3628 1904 3680 fecit¹
1928 3633 1985 3680 et
2023 3624 2312 3695 diguitatis
2354 3632 2410 3677 et
2448 3622 2562 3676 vir-

483 3694 655 3759 tutis,
695 3701 755 3746 ut
791 3703 1021 3765 propter
1042 3697 1383 3768 ‘dignitatem
1424 3701 1788 3769 magistratus
1830 3697 1978 3766 gesti
2009 3697 2264 3761 aediles,
2303 3696 2560 3749 tribunos

434 3789 445 3794 -
482 3764 704 3832 plebei,
747 3776 1079 3834 quaestores
1119 3776 1176 3823 et
1211 3770 1372 3839 ipsos
1411 3770 1629 3838 legeret
1667 3786 1895 3832 omnes,
1937 3784 2012 3827 ex,
2039 3767 2249 3821 ceteris
2281 3783 2334 3820 v.
2360 3782 2410 3818 c.
2443 3766 2554 3830 eis,

486 3834 579 3903 qui
617 3835 891 3890 triumviri
944 3840 1252 3908 capitales,
1305 3840 1579 3894 triumviri
1632 3841 1983 3908 monetales,
2013 3835 2401 3908 ·quattuorviri
2438 3835 2562 3889 via·
2605 3876 2612 3880 .

483 3918 605 3966 rum
640 3908 1042 3975 curandarum,
1082 3910 1386 3965 decemviri
1427 3912 1624 3965 litibus
1659 3911 1973 3965 iudicandis
1998 3910 2245 3963 fuissent
2269 3907 2370 3961 vel
2410 3906 2559 3960 alios

483 3973 545 4026 id
583 3989 756 4043 genus
797 3981 1157 4048 magistratus
1218 3983 1567 4047 tenuissent,
1624 3999 1694 4035 ne
1732 3982 1788 4035 in
1825 3982 2047 4034 nimium
2100 3993 2358 4032 numerus
2396 3994 2562 4032 sena·
2643 4028 2658 4038 ,

486 4049 669 4136 torum
706 4059 1035 4118 cresceret,
1090 4069 1193 4108 eos
1225 4061 1444 4109 tantum
1494 4055 1715 4109 faceret
1752 4060 2084 4118 senatores,
2143 4049 2236 4119 qui
2261 4049 2407 4134 belli
2435 4049 2557 4134 ,illis
