2869 4730
942 234 958 266 ι

495 360 613 437 112
678 330 681 343 ⁴
746 426 782 445 χ
1022 470 1023 473 ¹
1110 378 1111 383 ¹
1318 372 1728 437 '1'1'1'1L1v11

385 521 460 599 1⁶
492 545 717 600 serunt.
803 533 867 597 [ιι
910 537 1166 600 Siciliam
1208 557 1437 620 quoque
1482 541 1689 601 eadem
1728 536 2029 611 inclinatio
2054 532 2388 600 *animorum
2423 559 2560 619 per-

494 638 684 709 venit,
728 645 793 698 et
833 658 909 697 ne
953 639 1156 699 domus
1185 639 1413 719 quidem
1455 639 1735 700 Hieronis
1779 646 1915 701 tota
1948 642 2020 700 ab
2048 639 2387 701 defectione
2422 642 2563 700 abs-

385 743 457 798 11
492 738 684 799 tinuit.
790 740 1050 819 Namque
1111 740 1261 801 Gelo
1318 740 1606 813 maximus
1666 740 1900 820 stirpis,
1979 747 2324 819 contempta
2371 726 2604 809 simul«.

493 844 807 899 senectute
850 838 1035 917 patris
1079 838 1243 899 simul
1283 847 1423 918 post
1467 841 1836 900 Cannensem
1882 841 2108 902 cladem
2150 841 2418 899 Romana
2460 858 2564 898 so-

386 947 457 1002 12
495 938 751 1011 cietate‚
796 937 874 997 ad
912 939 1151 998 Poenos
1194 938 1450 1012 defecit3
1491 940 1893 1021 'movissetque
1933 941 1992 1000 in
2031 938 2231 1001 Sicilia
2271 959 2403 1009 res,
2449 937 2566 998 nisi

490 1044 651 1098 mors
693 1038 845 1098 adeo
890 1040 1247 1117 opportuna,
1309 1046 1377 1099 ut
1416 1048 1646 1120 patrem
1686 1061 1915 1122 quoque
1975 1038 2308 1119 suspicione
2353 1058 2567 1117 asper-

493 1144 705 1219 geret,
766 1146 1089 1198 armantem
1142 1160 1272 1199 eum
1322 1139 1745 1200 multitudinem
1788 1140 2315 1220 sollicitantemque
2358 1134 2563 1199 socios

387 1245 460 1301 13
495 1238 939 1318 absumpsisset.
1023 1238 1197 1300 Haec
1242 1259 1314 1300 eo
1360 1260 1514 1299 anno
1556 1240 1615 1300 in
1655 1238 1828 1302 ltalia
1841 1269 1859 1312 ,-
1917 1238 1980 1299 in
2013 1239 2254 1309 Africa,
2308 1237 2367 1297 in
2411 1235 2569 1298 Sici-

414 1336 429 1355 “
491 1324 604 1409 lia,
624 1382 631 1385 γ
652 1338 711 1397 ἰιι
751 1336 1040 1418 Hispania
1092 1336 1260 1399 vario
1306 1347 1526 1403 eventu
1569 1347 1729 1400 acta.
1811 1339 1999 1399 Exitu
2048 1338 2188 1398 'anili
2229 1340 2304 1404 Q.
2346 1335 2566 1421 Fabius

491 1435 787 1497 Maximus
843 1458 880 1498 a
923 1445 1137 1499 senatu
1177 1438 1535 1518 postulavit,
1596 1446 1666 1499 ut
1707 1439 1914 1507 aedem
1954 1436 2202 1497 Veneris
2243 1437 2565 1516 Erycinae,

389 1540 461 1597 14
495 1557 668 1616 qnam
708 1538 965 1599 dictator
999 1538 1310 1611 vovisset,
1352 1537 1629 1599 dedicare
1669 1538 1902 1599 liceret.
1971 1540 2230 1597 Senatus
2273 1536 2564 1608 decrevit,

494 1644 565 1697 ut
605 1637 708 1698 Ti.
753 1636 1132 1717 Sempronius
1159 1637 1384 1719 ,consul
1425 1638 1810 1720 designatus,
1873 1657 2043 1718 quum
2099 1637 2339 1716 primum
2377 1638 2568 1697 hono-

496 1757 620 1798 rem
665 1737 905 1810 inisset,
967 1737 1044 1798 ad
1082 1739 1356 1818 populum
1403 1736 1627 1810 ferret,
1683 1744 1751 1796 ut
1793 1738 1869 1804 Q..
1913 1736 2153 1797 Fabium
2207 1737 2566 1799 duumvirum

2437 1882 2444 1907 l

304 1950 325 1971 ,ω
390 1927 464 1984 10
640 1930 712 1972 et
759 1937 846 1973 ne
894 1919 1154 1974 domus
1202 1921 1527 1991 quidem)
1605 1921 1693 1975 Cf.
1733 1922 1823 1990 11,
1862 1920 2110 1976 aoextr.
2153 1912 2212 1974 εἰ
2244 1937 2316 1974 ne
2352 1919 2564 1986 adfu-

495 2007 635 2060 9am
685 1991 916 2060 quidem
964 1993 1135 2044 sati&
1163 1994 1371 2046 virium
1408 1995 1570 2060 fuit3
1620 1991 1691 2060 V,
1728 1993 1801 2046 49
1837 1996 1941 2048 sub
1979 1993 2067 2046 fin.
2127 2003 2185 2044 ec
2219 2009 2291 2045 ne
2325 1991 2566 2044 nuntius

496 2062 728 2131 quidem
765 2063 949 2115 cladis
984 2063 1256 2128 relictus-,-
1292 2065 1544 2128 XXXII,
1566 2064 1636 2116 34
1663 2065 1735 2117 in.
1771 2066 1856 2118 Et
1884 2075 2013 2118 erat
2034 2063 2298 2133 dicacior?
2324 2073 2565 2126 natura,

496 2150 675 2202 quam
723 2150 918 2202 reyem
968 2135 1166 2198 decet,
1219 2145 1277 2186 ec
1309 2152 1380 2187 ne
1415 2137 1569 2189 incer
1603 2137 1770 2187 seria·
1807 2136 2037 2206 quidem
2085 2136 2210 2186 risu
2243 2133 2393 2185 satis
2429 2143 2568 2186 tem-

494 2218 748 2269 perans,-
785 2204 931 2255 infra
965 2203 1177 2269 XXIV,
1215 2202 1319 2268 25,
1358 2204 1424 2271 53
1465 2203 1772 2257 XXXVIII
1783 2242 1805 2269 ,
1841 2204 1914 2263 24
1950 2212 2081 2274 post
2115 2203 2191 2255 in.
2229 2203 2571 2275 Nec-qui-

502 2273 632 2328 dem
667 2273 724 2325 in
764 2290 887 2326 eam
928 2274 1260 2328 sententiam
1302 2290 1408 2326 non
1452 2273 1592 2327 dixit
1627 2275 1843 2327 Livius.
2415 2330 2430 2337 l

391 2344 463 2399 11
641 2344 1046 2415 maximus)
1100 2345 1137 2399 i.
1171 2362 1220 2399 e.
1262 2344 1533 2399 maximus
1570 2354 1718 2400 natu.
1772 2343 1885 2399 Sed
1916 2341 2174 2415 ‘plurimis
2198 2343 2341 2398 locis
2364 2341 2571 2404 Livius

497 2424 648 2467 natu
685 2415 990 2468 omittendo
1040 2417 1183 2469 satis
1223 2418 1415 2472 habuit
1453 2417 1707 2481 dixisse,
1757 2417 1977 2482 maior,
2015 2416 2233 2479 minor,
2270 2415 2573 2469 maximus

499 2492 608 2538 etc.
663 2483 731 2538 V.
761 2486 822 2551 1,
858 2485 896 2537 3
933 2486 1006 2538 in.
1046 2488 1230 2539 Haud
1261 2479 1409 2541 nihil
1440 2488 1764 2557 ambigam,
1803 2488 2024 2542 hiccine
2045 2487 2238 2554 fuerit
2275 2485 2574 2540 Ascanius

497 2574 578 2608 an
617 2556 804 2608 maior
839 2574 1014 2625 quam
1040 2557 1170 2623 hic,·
1207 2558 1340 2612 ibid.
1366 2569 1508 2613 extr.
1548 2560 1647 2629 qui
1682 2560 1884 2627 stirpis
1919 2560 2212 2611 maximus
2233 2568 2395 2623 erat3
2433 2558 2577 2615 ibid..

496 2625 570 2679 46
608 2635 752 2679 extr.
799 2628 982 2680 Tullia
1018 2629 1239 2695 minor,-
1296 2629 1430 2683 ibid.
1468 2628 1540 2688 53
1577 2629 1720 2683 med.
1776 2632 1997 2683 Sextus
2032 2629 2201 2697 filius
2254 2629 2413 2693 eius,
2468 2628 2578 2698 qui⁵

496 2698 768 2751 minimus
805 2715 880 2750 ex
917 2699 1106 2752 tribus
1143 2710 1305 2766 erat,·
1340 2698 1455 2767 Vl,
1491 2699 1565 2752 34
1602 2700 1743 2754 med.
1764 2702 1934 2779 filiae
1971 2701 2122 2764 duae
2148 2710 2399 2765 nuptae,
2425 2700 2578 2755 ,Sem

497 2770 757 2838 Sulpicio
794 2771 1014 2834 maior,
1065 2771 1252 2826 minor
1292 2772 1351 2825 C.
1391 2772 1623 2827 Licinio
1663 2773 1889 2842 Stoloni
1924 2782 2083 2836 παῖς
2140 2771 2319 2837 XXI,
2358 2771 2462 2838 31,
2496 2768 2570 2838 63
2609 2771 2616 2775 ’

454 2850 460 2860 ’
498 2839 728 2905 XXIX,
764 2839 837 2892 29
873 2840 1019 2893 med.
1044 2849 1153 2895 etc.
1426 2901 1429 2906 ,
2603 2845 2606 2846 ’

391 2919 465 2976 13
637 2912 884 2965 Exitu
920 2913 1122 2981 anni)
1199 2910 1267 2966 V.
1309 2929 1479 2982 supra
1516 2912 1584 2968 ad
1626 2930 1673 2967 c.
1705 2910 1775 2980 8,
1810 2912 1878 2979 83
1924 2913 2072 2965 infra
2111 2928 2160 2963 c.
2190 2907 2296 2976 48,
2325 2908 2389 2963 14.

499 3051 613 3105 ‘vd
641 2983 973 3106 γειίὅνίὧ
1007 2984 1431 3058 Erycinae)
1505 2983 1572 3039 V.
1602 2983 1802 3051 XXII,
1841 2985 1913 3051 9,
1950 2981 2022 3037 1⁰
2071 2993 2127 3037 et
2163 2981 2246 3035 ibi
2284 2985 2472 3054 annot.
2507 2984 2571 3033 et

428 3067 429 3072 ¹
474 3065 517 3104 ἰ
558 3069 577 3105 ι
621 3088 635 3104 .
678 3068 727 3106 c.
845 3089 862 3119 ,
976 3091 989 3105 .
1925 3109 1932 3116 ,
2326 3059 2337 3074 ’

391 3130 466 3187 14
640 3134 725 3176 ut
762 3126 828 3189 Q.
867 3125 939 3177 F.
982 3125 1452 3179 duumvirum
1494 3143 1660 3179 esse
1693 3124 1765 3196 i.)
1838 3124 1877 3177 i.
1914 3141 1963 3177 e.
2005 3130 2064 3178 ut
2101 3122 2369 3177 duumviri
2407 3136 2564 3176 crea-

499 3202 692 3246 rentur
728 3195 979 3264 interque
1020 3214 1121 3248 eos
1161 3206 1318 3249 esset
1357 3195 1429 3253 st.
1470 3195 1712 3260 Fabius,
1754 3196 1845 3265 qui
1881 3195 2076 3249 aedem
2116 3195 2419 3247 dedicaret.
2477 3191 2564 3244 cf.

501 3281 551 3319 c.
576 3265 682 3328 31,
720 3266 771 3317 9.
849 3265 1007 3318 Adde
1046 3266 1321 3321 Gronovii
1358 3268 1805 3321 annotationem:
1865 3264 2031 3322 Quod
2083 3273 2286 3335 postea
2339 3263 2568 3316 duarum

500 3334 716 3389 aedium
759 3335 1185 3406 dedicandarum
1227 3355 1395 3391 causa
1436 3338 1752 3391 duumviros
1794 3345 2020 3391 creatos
2059 3343 2282 3401 narrat,
2341 3334 2567 3387 minime

502 3423 625 3462 cum
663 3407 752 3459 his
793 3416 1015 3476 pugnat.
1092 3408 1203 3462 Hic
1241 3409 1383 3461 enim
1439 3425 1559 3461 mos
1611 3408 2007 3461 historicorum
2048 3415 2170 3472 est,
2231 3403 2567 3460 multa-reti-

503 3494 636 3533 cere
654 3490 852 3548 ,·quae
894 3494 967 3530 ex
1005 3480 1477 3549 consequentibus
1517 3479 1758 3532 narratis
1800 3479 1952 3533 facta
1988 3479 2386 3549 intelliguntur.
2458 3475 2569 3529 Co-

503 3551 783 3623 gitandum
824 3549 1025 3617 igitur,
1081 3551 1385 3604 occasione
1423 3551 1586 3604 huius
1625 3550 1925 3603 mentionis
1963 3566 1996 3603 a
2035 3548 2210 3603 Fabio
2250 3549 2443 3602 illatae
2482 3553 2566 3600 et-

501 3625 612 3677 iam
653 3619 949 3676 Otacilium
1001 3621 1069 3674 de
1122 3622 1263 3673 aede
1313 3623 1380 3674 ab
1421 3637 1486 3675 se
1535 3628 1670 3676 vota
1717 3636 2031 3674 sermonem
2085 3620 2334 3674 movisse
2377 3626 2434 3671 et
2467 3633 2569 3686 par

410 3751 414 3755 ,
504 3694 785 3748 decretum
827 3692 1041 3744 tulisse.
1117 3690 1303 3761 Saepe
1343 3700 1529 3746 autem
1566 3692 1765 3744 Livius
1804 3692 1891 3746 sic
1929 3691 2189 3762 loquitur.
2266 3689 2358 3744 Cf.
2395 3686 2469 3752 11,
2497 3687 2570 3741 42

502 3774 636 3835 post
673 3767 746 3818 in.
810 3761 881 3824 de„
916 3762 1056 3816 aede
1109 3762 1368 3817 Castoris
1406 3762 1614 3816 Latino
1664 3763 1812 3815 bello
1866 3781 1898 3816 a
1945 3760 2235 3816 Postumio
2293 3760 2572 3830 dictatore

502 3844 673 3890 vota:
742 3835 930 3888 Filius
968 3834 1123 3901 eine,
1172 3835 1440 3888 duumvir
1477 3835 1563 3887 ad
1593 3835 1659 3887 id
1691 3835 1881 3901 ipsum
1918 3844 2186 3897 creatus,
2239 3830 2568 3895 dedicavit,-

462 3923 467 3929 ⁴
503 3904 618 3971 VI,
656 3906 694 3957 5
730 3918 871 3959 extr.
909 3905 1001 3958 Eo
1038 3923 1189 3959 anno
1226 3907 1400 3960 aedes
1414 3906 1639 3959 Martis
1667 3905 1883 3958 Gallico
1920 3905 2062 3957 bello
2100 3913 2256 3966 vota,
2294 3902 2572 3957 dedicata

506 3987 595 4029 est
630 3994 667 4028 a
711 3977 1076 4042 T.⁴'Quinctio
1115 3977 1417 4029 duumviro
1454 3977 1643 4030 sacris
1666 3975 2008 4044 faciundis,-
2044 3972 2306 4036 XXXlV,
2328 3970 2399 4024 53
2422 3980 2570 4031 extr.

503 4048 707 4102 aedem
741 4031 1042 4117 fiortunae
1078 4048 1473 4121 Primiqeniae
1518 4048 1580 4104 in
1627 4047 1766 4102 colle
1818 4045 2102 4113 Quirinali
2156 4043 2447 4098 dedicavit
2498 4044 2569 4109 Q.
