2869 4730
497 355 579 414 64
1180 321 1193 364 ³
1317 350 1500 414 τιτι
1551 351 1740 455 mvn

494 491 688 589 lectu,
752 516 941 578 serius
998 504 1259 598 profecti
1315 517 1490 577 domo
1506 500 1544 589 ,³
1580 534 1751 599 quum
1792 514 2108 578 Casilinum
2162 493 2328 580 ant'ez
2354 517 2577 595 famam

497 618 791 679 adversae
835 638 1070 699 pugnae
1114 616 1454 687 venissent,
1514 624 1580 678 et
1621 616 1750 676 aliis
1808 626 2224 699 aggregarent
2266 638 2404 679 sese
2445 621 2579 683 Ro-

497 716 683 776 manis
727 718 1055 798 sociisque,
1103 715 1368 795 profecti
1410 732 1449 775 a
1492 715 1749 776 Casilino
1793 736 1964 796 quum
2005 717 2155 789 satis
2197 739 2414 800 magno
2457 740 2579 801 ag·-

392 822 399 833 ’
497 813 647 876 r'nine
688 817 872 888 irent,
929 816 1149 877 avertit
1204 836 1311 876 eos
1366 822 1533 875 retro
1565 815 1894 877 Casilinum
1948 817 2196 877 nuntius¹
2241 818 2577 879 Cannensis

387 930 464 986 110
497 937 754 998 pugnae.
814 915 898 975 lbi
941 936 1110 996 quum
1150 915 1279 976 dies
1323 914 1580 995 aliquot,
1625 915 1891 995 suspecti
1911 915 2222 996 Campanis
2262 916 2579 980 timentes-

499 1134 658 1186 dium
693 1150 807 1186 non
844 1133 1049 1187 datum
1097 1132 1182 1186 ad
1215 1132 1365 1186 diem
1376 1152 1398 1197 ,·
1450 1132 1741 1199 XXXVI,
1778 1133 1816 1188 4
1852 1139 1995 1188 extr.
2047 1135 2119 1187 de
2149 1133 2398 1203 pecunia
2432 1135 2580 1188 item

498 1220 860 1273 responsum,
896 1205 1113 1257 nullam
1130 1214 1265 1256 ante
1288 1206 1440 1257 diem
1460 1215 1813 1273 recepturos.
1856 1194 1921 1257 Z.
1962 1198 2175 1271 §.2963
2216 1204 2343 1258 Scb.
2373 1204 2578 1275 p.598.

640 1285 816 1327 ante
854 1276 1142 1342 famam
1191 1276 1349 1327 adv.
1384 1274 1481 1344 p.)
1555 1274 1845 1345 Aptiorem
1884 1277 2028 1330 hanc
2066 1274 2358 1330 verborum
2387 1276 2579 1344 ⁴collo-

501 1345 780 1400 cationem
833 1346 1001 1400 habet
1052 1361 1190 1399 unus
1244 1362 1316 1399 ex
1367 1346 1589 1416 optimis
1630 1347 1825 1415 codd.;
1885 1347 1953 1400 de
2003 1348 2213 1417 optimo
2251 1346 2389 1401 nihil
2439 1361 2577 1403 cen-

500 1423 646 1482 stat,
685 1417 898 1470 ceteri:
937 1427 1075 1470 ante
1112 1417 1393 1469 adversae
1425 1435 1662 1486 puynae
1685 1421 1937 1487 famam.

602 1499 714 1549 ‚et
745 1517 818 1527 —-
853 1499 1375 1556 ayyreyarent
1423 1488 1619 1556 sese)
1699 1487 1861 1543 Hunc
1899 1490 2081 1542 locum
2117 1488 2247 1543 libri
2284 1487 2438 1560 typis
2480 1487 2581 1542 de-

497 1558 698 1627 scripti
749 1558 829 1612 ita
881 1560 1182 1613 exhibent:
1230 1576 1406 1628 quum
1447 1559 1763 1612 Casilinum
1811 1570 1949 1615 ante
2004 1561 2287 1615 adversae
2334 1576 2579 1629 puynae

486 1631 723 1698 samam
756 1630 1044 1683 venissent
1082 1640 1140 1681 et
1176 1631 1307 1682 aliis
1344 1642 1736 1699 ayyreqarene
1788 1648 1913 1684 sese
1937 1631 2228 1686 Romanis
2264 1633 2575 1701 sociisque,

494 1701 751 1769 profecti
785 1720 822 1753 a
848 1701 1096 1754 Casilino
1135 1718 1264 1753 cum
1299 1703 1449 1753 satis
1486 1718 1699 1770 mayno
1734 1702 1963 1770 agmine
1999 1703 2187 1767 irent,
2226 1703 2438 1755 avertit
2462 1713 2578 1756 etc.

499 1772 563 1827 In
600 1774 688 1825 his
728 1772 956 1841 primum
995 1787 1332 1841 magnopere
1371 1769 1662 1827 offendunt
1705 1774 1913 1827 verbaz
1965 1790 2143 1843 quum
2177 1803 2254 1817 -
2284 1774 2579 1825 venissent

501 1854 559 1896 et
582 1872 646 1882 -—
674 1853 1068 1913 a99r09arent
1103 1860 1319 1895 sese—
1331 1843 1587 1911 profecti
1600 1844 1844 1898 —irent
1880 1845 2364 1913 propter,tertium
2403 1859 2578 1898 enun-

500 1915 693 1968 tiatum
734 1914 955 1967 duriore
993 1913 1157 1967 modo
1198 1918 1539 1979 ἀσυνδέτως
1574 1916 1852 1984 positum,
1905 1915 2105 1969 deinde
2154 1925 2576 1985 aqqreyarent,

501 2002 662 2056 quum
702 1985 1056 2040 scribendum
1108 1984 1365 2039 videatur
1386 1985 1584 2039 xfuisse
1623 1998 2083 2056 ayyreqassent,
2143 1987 2379 2056 denique
2417 1987 2573 2039 nullo

496 2058 664 2110 modo
707 2057 843 2110 ferri
883 2065 1120 2127 possunt
1156 2057 1324 2109 verba
1362 2073 1493 2109 cum
1529 2074 1577 2108 s.
1616 2075 1829 2126 mayno
1866 2060 2112 2127 aymine.
2179 2056 2579 2127 ‘Nequessenim

496 2127 696 2181 Livius
736 2129 943 2185 addere
984 2127 1163 2193 potuit
1215 2126 1695 2195 praepositionem
1732 2145 1887 2180 cum.
1962 2128 2034 2182 V.
2077 2128 2143 2180 ad
2180 2129 2355 2192 XXI,
2392 2126 2497 2192 3⁰,
2540 2127 2580 2181 8

498 2207 556 2257 et
592 2199 796 2263 XXll,
826 2197 936 2263 30,
976 2199 1024 2249 1.
1101 2198 1313 2265 ltaque
1342 2205 1400 2251 ut
1436 2197 1578 2250 haec
1617 2199 1890 2251 orationis
1945 2197 2178 2262 menda,
2239 2215 2379 2268 quae
2418 2196 2581 2252 Livii

495 2285 606 2321 non
645 2277 883 2338 possunt
920 2283 1074 2331 esse,
1113 2268 1410 2331 tollantur,
1451 2282 1551 2335 pro
1585 2277 1641 2318 et
1667 2266 2022 2321 scribendum
2062 2267 2281 2321 videtur
2303 2279 2389 2335 ut,
2430 2285 2581 2336 quae

498 2338 605 2393 duo
647 2338 918 2394 vocabula
956 2337 1408 2407 frequentissime
1434 2336 1687 2392 confudit
1708 2338 2058 2392 librariorum
2097 2338 2332 2406 incuria,
2371 2337 2578 2392 deiude

496 2429 672 2482 quum
710 2429 758 2463 s.
797 2428 868 2462 m.
909 2411 1139 2477 agmine
1183 2423 1289 2477 pro
1329 2426 1461 2460 cum
1495 2427 1540 2461 s.
1578 2427 1656 2466 m.
1692 2428 1747 2462 a.
1821 2410 1911 2463 Ita
1949 2417 2005 2463 et
2042 2410 2256 2463 tollitur
2293 2409 2578 2463 soloecis·

495 2498 620 2536 mus
659 2482 955 2535 verborum
995 2490 1053 2537 et
1090 2498 1145 2531 a.
1185 2489 1580 2549 ayqreqarent
1619 2489 1677 2535 et
1713 2481 1855 2535 bene
1894 2481 2243 2548 declaratur,
2301 2499 2407 2552 quo
2446 2497 2582 2535 con-

496 2553 629 2608 silio
672 2551 983 2606 Casilinum
1019 2550 1274 2603 venerint
1309 2550 1699 2616 Praenestini,
1739 2552 1778 2603 i.
1800 2570 1848 2606 e.
1893 2558 1951 2607 ut
1985 2553 2067 2606 ibi
2104 2554 2581 2623 coniungerentur
2617 2555 2628 2562 '

494 2624 627 2679 aliis
667 2623 970 2687 militibus,
1034 2637 1154 2674 cum
1195 2622 1392 2691 quibus
1432 2621 1503 2675 ad
1540 2622 1848 2677 exercitum
1888 2622 2197 2678 Romanum
2237 2641 2341 2678 una
2380 2624 2579 2677 tende-

496 2701 638 2750 rent.
711 2694 898 2748 Verba
948 2694 1200 2762 profecti
1235 2722 1304 2732 —
1340 2693 1494 2746 irent
1558 2694 1630 2747 ad
1682 2695 1958 2763 apodosin
2015 2696 2352 2760 referenda,
2412 2693 2581 2764 quasi

498 2766 836 2837 scripsisset
886 2762 1117 2818 Livius:
1179 2764 1394 2817 avertit
1444 2781 1570 2829 eos,
1623 2782 1799 2835 quum
1844 2766 2099 2834 profecti
2133 2785 2171 2819 a
2212 2768 2270 2821 G.
2310 2784 2358 2819 s.
2387 2775 2472 2818 'm.
2519 2783 2579 2818 a.
2627 2765 2634 2766 ’

495 2840 650 2892 irent
675 2845 782 2891 etc.
856 2835 1006 2889 Nihil
1030 2839 1227 2889 ,autem
1266 2835 1482 2889 insoliti
1520 2833 1692 2889 babet
1729 2854 1905 2906 quum
1951 2838 2040 2890 bis
2079 2838 2136 2890 in
2176 2837 2371 2892 eadem
2412 2852 2582 2902 enun-

497 2910 739 2980 tiatione
770 2908 1043 2977 positum,
1082 2908 1334 2976 inprimis
1376 2907 1469 2959 ubi
1508 2907 1685 2960 altero
1724 2909 1849 2961 loco
1888 2909 2130 2978 apodosi
2167 2909 2449 2968 inseritur.
2511 2907 2577 2960 V.

470 2993 672 3050 'supra
711 2996 759 3034 c.
786 2979 825 3031 2
857 2979 978 3047 §.3
1016 2985 1072 3032 et
1105 2979 1171 3044 43
1210 2976 1311 3043 10,
1351 2978 1453 3045 113
1493 2978 1639 3030 infra
1679 2995 1726 3032 c.
1752 2979 1840 3044 19,
1878 2978 1913 3029 7
1945 2987 2010 3032 ,et
2046 2978 2113 3047 83
2150 2978 2242 3043 22,
2278 2979 2348 3046 43
2389 2978 2578 3049 11,·12

501 3053 604 3105 sub
645 3050 736 3114 fin.
814 3053 1002 3115 Quam
1037 3067 1214 3120 quum
1246 3050 1403 3102 velut
1440 3049 1694 3102 alienato
1744 3051 1818 3101 ab
1860 3067 2034 3102 sensu
2070 3060 2321 3102 torreret
2357 3050 2577 3116 anim0,

495 3138 681 3192 prope
719 3123 1008 3173 attonitus
1045 3121 1324 3174 miraculo
1363 3138 1493 3187 rex,
1533 3137 1708 3190 quum
1735 3121 1809 3171 ab
1837 3120 1971 3172 sede
2001 3137 2110 3172 sua
2138 3121 2579 3187 prosiluisset-

499 3192 722 3263 inquit,·
760 3191 838 3244 vl
857 3229 874 3258 ,
912 3190 983 3242 34
1021 3190 1164 3243 med.
1204 3191 1443 3256 incidit,
1494 3201 1561 3242 ut
1588 3193 1660 3230 —-'-
1687 3205 1917 3244 sorores
1954 3191 2178 3243 Fabiae
2214 3191 2583 3261 quumjntei·

501 3280 599 3327 se,
642 3273 708 3313 ut
729 3265 848 3328 fit,
886 3262 1243 3314 sermonibus
1279 3273 1507 3327 tempus
1543 3271 1828 3326 tererent,
1879 3262 2050 3315 lictor
2087 3261 2361 3328 Sulpicii,
2400 3278 2582 3330 quum

502 3335 554 3387 is
592 3334 662 3387 de
685 3334 828 3399 soro
863 3349 926 3385 se
964 3334 1194 3384 domum
1232 3333 1531 3400 reciperet,
1559 3332 1757 3398 sorem
1790 3333 1959 3400 yirya
1985 3342 2348 3399 peremerat,-
2386 3332 2515 3396 Vll,
2541 3331 2580 3384 2

501 3404 648 3457 med.
688 3403 1241 3469 Livius—dicitur,
1282 3403 1729 3473 quum-saepius
1769 3414 2074 3456 revocatus
2096 3420 2288 3456 vocem
2315 3403 2580 3455 obtudisi·

500 3486 622 3540 set,
670 3474 837 3526 venia
869 3474 1060 3542 petita
1104 3490 1353 3541 puerum
1390 3473 1476 3525 ad
1510 3474 1832 3526 canendum
1882 3484 2020 3526 ante
2073 3473 2362 3527 tibicinem
2399 3490 2580 3543 quum

499 3545 840 3609 statuisset,
893 3545 1182 3597 canticum
1234 3545 1418 3613 eqisse
1449 3551 1591 3608 etc.;
1657 3543 1825 3611 Vm,
1866 3542 1937 3597 18
1988 3544 2164 3612 med.3
2212 3544 2284 3596 38
2320 3554 2464 3596 extr.
2522 3549 2581 3596 et

500 3634 674 3687 saepe
713 3616 866 3669 alibi.
920 3613 1182 3669 Ceterum
1212 3631 1311 3685 pro
1345 3626 1741 3684 cypreqarent
1779 3615 1882 3670 duo
1911 3615 2151 3669 omnium
2191 3616 2384 3685 optimi
2412 3612 2575 3668 codd.

436 3687 441 3692 ’
499 3689 706 3742 habent
743 3698 1166 3756 a99re9antur,
1204 3694 1321 3739 tres
1361 3697 1847 3755 a99re9arentur.
1906 3685 2052 3740 Hinc
2084 3673 2405 3739 Crevierius
2438 3685 2579 3737 scri·

502 3759 737 3813 bendum
777 3758 1059 3812 coniecit:
1110 3768 1167 3810 et
1204 3758 1333 3810 aliis
1386 3759 1846 3826 aqyreqantibus
1896 3776 2020 3811 sese
2057 3758 2371 3821 Romanis,
2432 3770 2594 3823 quae·

503 3828 1020 3885 emendatiovalde
1059 3827 1368 3898 probabilis
1409 3828 1668 3895 videtur„
1716 3828 1768 3879 si
1807 3830 1978 3882 etiam
2031 3829 2085 3880 iu
2123 3828 2236 3881 illis
2278 3824 2437 3879 codd.
2482 3823 2577 3878 ad-

504 3900 673 3954 ditum
711 3907 803 3953 est
850 3917 1005 3966 sese,
1063 3899 1129 3964 de
1166 3893 1285 3969 “quo
1328 3898 1576 3951 editores
1630 3906 1851 3966 tacent,
1905 3900 1958 3952 si
2004 3898 2200 3963 deest,
2252 3896 2448 3952 nescio
2503 3910 2577 3950 an

503 3971 863 4026 verisimilior
901 3970 977 4024 sit
1015 3981 1317 4040 ea,'quam
1354 3969 1469 4039 ipsi
1505 3972 1937 4038 proposuimus,
1976 3969 2225 4024 mutatio.

397 4042 469 4099 1⁰
644 4041 1193 4112 timentesque)
1267 4039 1331 4095 V.
1371 4056 1540 4115 supra
1578 4040 1649 4098 ad
1686 4040 1818 4116 ⁰⁰4³
1856 4039 1908 4100 ,8.
