2869 4730
487 384 567 445 os
964 414 967 417 -
1099 419 1107 427 -
1294 380 1500 465 'rm
1540 379 1721 442 mvn

482 557 621 620 est,
661 516 838 629 atque
884 547 1010 626 ipse
1055 546 1176 607 dux
1220 544 1487 616 castelli,
1529 544 1705 624 plano
1735 542 1873 605 loco
1902 539 2116 622 positi,
2161 536 2407 623 segnem
2447 561 2556 622 op-

483 636 907 730 pugnationem
964 644 1219 726 Sagunti
1263 638 1773 725 expugnatoribus
1829 641 2258 720 exprobrabat,
2307 638 2557 703 *Canna-

485 766 612 807 rum
645 744 1098 825 Trasimenique
1141 752 1203 804 et
1233 744 1500 804 Trebiae
1531 740 1810 821 singulos
1854 741 2173 801 admonens
2216 740 2559 801 universos·

410 851 450 907 8
488 868 618 929 que.
703 846 851 917 lnde
897 834 1108 905 vineae
1151 863 1379 924 quoque
1424 848 1680 920 coeptae
1725 838 1827 919 agi
1869 838 2252 920 cuniculique.
2309 843 2436 902 Nec
2479 826 2557 902 ad

413 954 451 1010 9
485 946 686 1009 varios
712 951 981 1007 conatus
1040 944 1290 1003 hostium
1322 951 1451 1003 -aut
1507 942 1597 1003 vis
1639 938 1758 999 ulla
1801 945 1905 1000 aut
1945 958 2045 999 ars
2089 939 2326 1001 deerat:
2406 940 2567 1002 socii⁴

483 1049 878 1114 Romanorum
919 1043 1366 1125 propugnacula
1409 1042 1700 1104 adversus
1743 1042 1950 1105 vineas
1994 1051 2298 1112 statuere,
2357 1048 2579 1101 trans-.
2687 1057 2692 1065 ’

483 1143 674 1205 versis
734 1142 1015 1204 cuniculis
1071 1141 1327 1202 hostium
1381 1141 1684 1213 cuniculos
1747 1142 2063 1222 excipere,
2128 1149 2191 1202 et
2247 1138 2436 1221 palam
2491 1147 2559 1201 et

460 1244 636 1318 'clam
674 1242 908 1321 coeptis
953 1229 1183 1304 obviam
1223 1242 1344 1312 ire,
1390 1242 1579 1303 donec
1624 1244 1811 1323 pudor
1854 1243 2030 1303 etiam
2048 1240 2281 1303 Hannib
2345 1259 2435 1300 em
2479 1241 2557 1311 ab

483 1344 723 1422 incepto
768 1341 1017 1412 avertit,
1074 1340 1406 1422 castrisque
1449 1342 1816 1405 communitis
1874 1362 1946 1403 ac
1988 1340 2243 1422 praesidi
2323 1339 2555 1401 modico

482 1430 792 1522 imposito,
835 1462 910 1502 ne
953 1436 1172 1501 omissa
1213 1459 1312 1500 res
1355 1439 1687 1516 videretur,
1721 1441 1787 1529 rin
1819 1440 2070 1502 hiberna
2105 1440 2371 1523 Capuam
2411 1440 2557 1501 con-

483 1543 688 1603 cessit.
1469 1540 1477 1553 '
2557 1532 2558 1535 '

377 1645 451 1701 ΙΙ)
645 1641 729 1701 lbi
769 1647 995 1721 partem
1039 1640 1316 1701 maiorem
1367 1640 1574 1700 hiemis
1615 1640 1943 1703 exercitum
1994 1641 2055 1701 in
2107 1640 2291 1700 tectis
2331 1639 2551 1711 habuit,

483 1741 771 1802 adversus
815 1739 1008 1800 omnia
1047 1740 1297 1800 humana
1352 1740 1507 1802 mala
1549 1758 1731 1820 saepe
1775 1763 1847 1804 ac
1894 1741 1993 1803 diu
2034 1742 2332 1811 duratum,
2384 1736 2554 1801 bonis

250 1424 279 1443 „N

1653 1895 1675 1918 ,
2327 1896 2330 1903 .

620 1956 899 1995 corona
949 1957 1005 1992 α.
1058 1939 1416 2009 muralis)
1491 1938 1639 1994 Gell.
1677 1938 1749 2005 V,
1785 1937 1824 1992 6
1857 1940 2002 1994 med.
2040 1941 2299 1994 Murali-s·
2336 1949 2424 1991 ese
2458 1955 2552 1992 co-

438 2054 447 2071 ,
480 2028 663 2079 rona,
713 2029 831 2082 qua
867 2012 1123 2063 donatur
1159 2008 1234 2061 ab
1271 2012 1672 2078 imperatore,
1713 2011 1817 2081 'que‘
1846 2014 2074 2079 primus
2110 2029 2341 2065 murum
2376 2010 2554 2064 subiit

480 2082 651 2152 inque
688 2082 962 2149 oppidum
1017 2081 1270 2133 hostium
1312 2097 1422 2148 per·
1475 2082 1589 2133 vim
1639 2078 1909 2134 escer'zdit.
1985 2081 2073 2135 De
2121 2081 2295 2135 verbo
2344 2075 2554 2151 pr'o‘po-

376 2150 379 2153 ’
480 2153 655 2206 nendi
692 2167 740 2203 v.
782 2152 852 2204 ad
893 2151 1064 2218 XXI,
1103 2148 1194 2213 45,
1232 2149 1297 2215 ⁷3
1339 2151 1404 2203 de
1442 2153 1638 2221 utique
1674 2151 1807 2203 ibid.
1852 2152 1917 2203 ad
1960 2168 2009 2205 c.
2039 2150 2130 2220 54,
2168 2152 2221 2209 9.

404 2226 449 2281 8
621 2222 915 2288 vineae)
988 2219 1078 2273 De
1115 2220 1204 2273 his
1245 2219 1487 2273 diximus
1527 2221 1595 2272 ad
1634 2221 1808 2286 XXl,
1848 2221 1950 2286 61,
1988 2221 2077 2273 10.

624 2292 767 2346 Nec
804 2292 900 2343 ad
933 2308 985 2343 v.
1023 2291 1106 2355 c.)
1186 2288 1335 2345 Quid
1371 2308 1476 2344 nec
1515 2290 1797 2358 declaret,
1836 2307 1889 2343 v.
1930 2307 2099 2361 supra
2136 2308 2186 2345 c.
2219 2289 2289 2355 3,
2326 2288 2380 2343 8.
2454 2294 2559 2344 Ad

481 2374 729 2417 conatae
779 2379 938 2432 quum
985 2359 1210 2431 proprie
1263 2359 1478 2416 valeat:
1521 2371 1782 2431 respectu
1830 2361 2023 2416 habito
2077 2370 2407 2432 conatuum,
2457 2361 2554 2417 hic

483 2431 752 2503 explicari
793 2448 965 2518 posse
1004 2448 1104 2501 per
1140 2432 1454 2497 adversus,
1493 2432 1659 2485 facile
1697 2432 2041 2504 intelligitur.
2391 2463 2400 2480 v
2431 2476 2436 2481 .

412 2509 450 2565 9
624 2503 818 2556 socia
864 2501 1092 2570 Rom.)
1182 2501 1442 2572 Supplcri
1497 2503 1847 2574 cogitatione
1907 2509 2126 2573 potest=
2191 2515 2247 2557 et
2303 2504 2552 2574 quidem.
2662 2503 2671 2509 ’

483 2574 597 2627 Sed
648 2572 921 2627 dissolute
962 2571 1142 2644 poni,
1198 2588 1338 2643 quae
1368 2573 1460 2627 ⁴ad
1514 2575 1831 2628 accuratius
1884 2575 2213 2644 exponenda
2252 2592 2355 2640 ea,
2409 2583 2553 2645 quaa

478 2646 794 2716 praemissa
824 2651 994 2711 sunt,
1051 2644 1336 2711 dicuntur,
1395 2645 1537 2702 satis
1580 2653 1817 2699 constat.
1891 2644 2214 2699 Gronovius
2254 2646 2435 2698 locum
2473 2645 2556 2699 ita

382 2723 388 2730 “
466 2717 745 2780 mutavit,
786 2727 844 2770 ut
880 2716 1069 2769 daretz
1127 2713 1245 2769 Nec
1281 2716 1366 2767 ad
1397 2716 1452 2768 52.
1475 2733 1522 2770 c.
1547 2716 1604 2769 h.
1644 2727 1751 2769 aue
1785 2716 1873 2770 vis
1911 2718 2030 2770 ulla
2068 2728 2174 2769 aut
2211 2734 2312 2769 ars
2341 2718 2554 2770 'deerat

478 2788 653 2850 socii-5
703 2789 1115 2846 Romanorum.
1191 2787 1650 2854 Propuqnacula
1678 2794 1822 2855 etc.,
1882 2788 2030 2857 quod
2079 2804 2111 2841 a
2147 2786 2409 2841 Bekkero
2466 2804 2554 2840 re-

428 2886 435 2893 ·
471 2865 699 2928 'ceptum
741 2866 846 2911 est.
920 2857 1037 2910 Sed
1077 2873 1238 2927 quum
1276 2857 1439 2910 codd.
1498 2874 1693 2910 omnes
1745 2858 1800 2910 in
1835 2861 2120 2928 vulgatam
2176 2859 2554 2928 consentiant,

374 2941 375 2944 ’
476 2945 586 3052 13οο
638 2928 966 2983 necessaria
1017 2930 1095 2981 sit
1132 2925 1409 2981 Gronovii
1462 2929 1819 2996 coniectura,
1878 2930 2016 2983 nihil
2073 2928 2292 2985 videtur
2342 2936 2553 2982 mutan-
2599 2975 2602 2978 .

520 3015 606 3053 um
644 3014 794 3052 esse.
2368 3011 2373 3032 1

564 3097 573 3101 ·
615 3070 863 3138 pudor
912 3069 1196 3138 etiam)
1251 3069 1487 3135 Etiam,
1540 3083 1700 3138 quam
1749 3086 1948 3124 vocem
1989 3069 2377 3141 Heusinger-us
2417 3071 2558 3123 omi·

480 3142 590 3206 sit,
644 3140 931 3194 coniunxit
967 3140 1267 3194 Klaiberus
1308 3157 1429 3193 cum
1470 3141 1891 3207 Hannibalem,
1919 3140 2029 3198 ,ita
2068 3143 2311 3195 refertur
2348 3141 2416 3194 ad
2453 3157 2555 3210 pu-

479 3211 705 3277 dorem,
757 3219 814 3264 ut
850 3210 1128 3265 sententia
1168 3212 1283 3265 sitt
1338 3209 1463 3262 Non
1500 3213 1682 3264 solum
1722 3223 1821 3278 ea,
1882 3228 2043 3281 quam
2099 3223 2366 3281 expertus
2406 3219 2550 3278 erat,

476 3282 861 3336 resistentium
911 3283 1120 3336 acriter
1155 3282 1276 3348 vis,
1330 3281 1430 3333 sed
1474 3283 1639 3336 etiam
1690 3281 1867 3352 pudor
1905 3284 2115 3336 frustra
2167 3288 2223 3335 in
2263 3299 2550 3353 oppugna·
2629 3343 2638 3346 „

478 3354 631 3407 tione
672 3370 740 3405 ea
779 3360 995 3422 tempus
1051 3353 1266 3404 terendi
1302 3350 1676 3407 Hannibalem
1714 3353 1939 3422 avortit.
2013 3353 2102 3407 De
2141 3356 2269 3409 loco
2307 3354 2552 3426 particu-

476 3425 567 3479 lae
604 3424 780 3477 etiam
819 3423 894 3476 cf.
931 3422 1001 3477 ad
1037 3422 1211 3487 XXI,
1254 3422 1319 3489 1,›
1347 3421 1400 3474 5.

619 3495 1062 3565 castrisque
1110 3511 1351 3549 comm.
1390 3499 1462 3533 —'
1498 3492 1918 3562 concessit)
1991 3491 2159 3547 Nulla
2198 3495 2262 3549 in.
2292 3494 2551 3548 oratione

146 3561 153 3566 ’
244 3595 273 3622 ιι
474 3568 626 3622 inest
663 3565 999 3631 scabritias,
1043 3580 1202 3634 quam
1242 3565 1332 3617 hic
1362 3564 1805 3634 deprehendisse
1843 3565 1952 3618 sibi
1983 3566 2140 3618 visus
2182 3576 2270 3622 est
2299 3565 2553 3620 Draken-

476 3638 761 3693 borchius.
837 3635 975 3689 Nam
1017 3638 1091 3689 cf.
1132 3651 1299 3703 supra
1339 3636 1410 3688 ad
1450 3653 1497 3689 c.
1517 3636 1571 3701 8,
1607 3637 1660 3690 4.
1719 3634 1809 3689 De
1846 3631 2036 3689 verbis
2073 3637 2136 3691 in
2171 3638 2414 3692 hiberna
2448 3636 2552 3689 Ca·

326 3767 331 3776 ¹.
472 3727 653 3779 puam
694 3726 744 3761 v.
785 3706 854 3760 ad
893 3721 1014 3776 cap.
1038 3706 1139 3771 19,
1178 3706 1230 3760 8.

286 3827 300 3846 ,
371 3781 444 3836 10
620 3780 834 3832 bonis
885 3778 1130 3845 inexp.
1171 3787 1402 3846 atque
1438 3777 1844 3847 insuetum)
1903 3780 2088 3833 Bonis
2128 3780 2219 3849 qui
2259 3778 2336 3831 sit
2376 3779 2550 3830 casus

480 3850 714 3904 dubitari
755 3856 960 3918 potest.
1017 3848 1337 3902 Ablati‘vum
1378 3846 1596 3901 videtur
1633 3850 1760 3903 huic
1800 3851 1973 3904 verbo
2011 3852 2265 3903 iunxisse
2303 3848 2548 3901 Tacitus

478 3922 629 3974 Hist.
672 3922 733 3987 1,
769 3919 804 3972 8
850 3919 1018 3987 pacis
1055 3919 1311 3983 artibus,
1365 3918 1524 3986 bellis
1573 3921 1948 3988 inex-pertus,-
1996 3921 2130 3973 ibid.
2173 3919 2260 3984 11,
2298 3917 2369 3971 ⁷5
2406 3936 2551 3972 suae
2589 3917 2610 3932 ‘

477 3993 727 4061 leyiones
764 3991 916 4044 civili
954 3991 1096 4043 bello
1133 3991 1496 4057 inexpertas,
1536 3992 1760 4044 Vitellia·
1793 3994 2078 4046 victrices.
2131 3992 2218 4044 Ita
2254 3999 2308 4044 et
2346 4006 2551 4058 exper-

453 4064 577 4118 ‘tue
614 4061 843 4130 saepius
894 4077 1019 4118 cum
1067 4059 1316 4115 ablativo
1369 4061 1751 4132 coniungitur,
1782 4061 1857 4117 'v.
1898 4079 1948 4117 c.
1987 4059 2113 4116 Liv.
2154 4061 2242 4128 11,
2279 4061 2352 4117 42
2401 4069 2547 4115 extr.
